2780 4320
177 239 201 300 4
503 223 569 287 lee
590 222 669 306 Life
690 224 731 306 os
745 221 908 306 Agm'cola

222 428 268 477 vr.
302 411 394 476 Hinc
406 412 447 476 ad
460 412 684 494 capessendos
697 412 912 495 magistratus
928 411 962 474 in
976 410 1091 475 urbem
1104 410 1229 494 digres-

179 535 246 593 sus,
265 515 447 579 Domitiam
464 516 693 591 Decidianam,
712 516 896 598 splendidis
919 516 1086 578 natalibus
1109 526 1226 590 ortam,

179 620 242 684 sibi
257 620 386 703 junxit;
407 620 506 703 idque
523 621 769 684 matrimonium
786 622 827 683 ad
843 619 969 701 majora
985 620 1107 682 nitenti
1124 621 1227 683 decus

177 745 217 789 ac
233 726 333 788 robur
347 722 419 789 luit,
452 725 684 807 Vixeruntque
700 724 784 788 mira
799 724 986 799 concordia,
1001 744 1061 804 per
1076 733 1227 786 mutuam

178 828 350 892 caritatem
367 839 401 892 et
417 828 560 892 invicem
578 848 614 894 se
630 829 886 909 anteponendo;
909 827 974 890 nisi
990 827 1079 909 quod
1092 827 1126 889 in
1138 827 1228 891 bona

178 952 280 995 uxore
296 942 389 995 tanto
406 931 512 1013 major
527 931 608 1006 laus,
626 941 751 1014 quanto
768 931 802 993 in
818 931 905 994 mala
923 930 998 1011 plus
1021 930 1139 1011 culpae
1162 940 1224 995 est.

180 1034 260 1098 Sors
287 1045 485 1117 quaesturae
511 1035 717 1116 provinciam
741 1033 869 1110 Asiam,
894 1034 1129 1115 proconsulem
1158 1033 1228 1097 Sal-

177 1139 267 1201 vium
295 1139 465 1202 Titianum
495 1139 609 1216 dedit;
643 1159 783 1220 quorum
811 1147 931 1201 neutro
957 1147 1134 1218 corruptus
1162 1147 1224 1214 est,

178 1262 373 1324 quamquam
389 1253 424 1306 et
444 1242 616 1324 provincia
637 1242 731 1306 dives
750 1261 788 1305 ac
808 1249 924 1322 parata
946 1241 1173 1322 peccantibus,
1191 1251 1226 1304 et

130 1377 144 1402 ο
178 1346 365 1424 proconsul,
397 1345 432 1408 in
463 1366 597 1409 omnem
627 1346 820 1410 aviditatem
851 1365 986 1425 pronus,
1018 1344 1226 1426 quantalibet

176 1445 336 1512 facilitate
362 1449 595 1530 redempturus
622 1459 713 1514 esset
743 1457 893 1511 mutuam
924 1446 1225 1512 dissimulationem

177 1551 263 1615 mali.
310 1551 444 1615 Auctus
461 1562 513 1616 est
534 1553 579 1616 ibi
602 1553 670 1617 filia
696 1553 730 1615 in
755 1551 939 1616 subsidium
964 1550 1062 1614 simul
1086 1560 1121 1615 et
1144 1551 1226 1614 sola-

178 1655 284 1731 cium;
311 1676 387 1718 nam
415 1655 519 1718 filium
546 1665 625 1720 ante
656 1656 823 1720 sublatum
850 1655 943 1719 brevi
970 1655 1089 1719 amisit.
1144 1655 1226 1718 Mox

177 1757 265 1821 inter
294 1767 505 1840 quaesturam
536 1779 574 1824 ac
601 1759 807 1823 tribunatum
837 1759 944 1840 plebis
975 1769 1076 1841 atque
1114 1758 1224 1840 ipsum

177 1859 277 1924 etiam
302 1862 489 1925 tribunatus
512 1883 637 1925 annum
658 1863 771 1944 quiete
792 1873 826 1926 et
847 1863 916 1927 otio
937 1863 1078 1940 transiit,
1099 1883 1224 1945 gnarus

177 1962 239 2028 sub
257 1966 392 2028 Nerone
408 1974 604 2047 temporum,
622 1966 742 2047 quibus
758 1966 879 2030 inertia
894 1988 954 2048 pro
970 1967 1136 2048 sapientia
1149 1965 1222 2032 luit.

178 2069 271 2132 Idem
288 2078 462 2149 praeturae
485 2079 582 2132 tenor
605 2079 639 2134 et
662 2069 851 2146 silentium;
875 2090 938 2135 nec
962 2072 1052 2134 enim
1075 2071 1225 2153 jurisdic-

177 2172 223 2235 tio
239 2173 429 2237 obvenerat.
478 2173 592 2236 Ludos
608 2182 642 2236 et
658 2173 771 2236 inania
790 2174 927 2237 honoris
951 2175 1061 2238 medio
1085 2175 1223 2238 rationis

176 2285 276 2358 atque
292 2275 515 2340 abundantiae
533 2276 636 2350 duxit,
654 2276 702 2339 uti
726 2276 827 2359 longe
850 2297 870 2340 a
891 2277 1028 2355 luxuria,
1047 2279 1094 2342 ita
1115 2276 1223 2341 lamae

176 2380 317 2461 propior.
372 2381 459 2444 Tum
480 2379 607 2443 electus
626 2400 645 2443 a
662 2379 769 2444 Galba
787 2381 828 2443 ad
847 2382 935 2444 dona
956 2381 1156 2462 templorum
1176 2402 1225 2445 re·

177 2484 418 2565 cognoscenda,
436 2483 692 2566 diligentissima
707 2484 953 2566 conquisitione
968 2482 1058 2558 iecit,
1072 2504 1115 2548 ne
1128 2485 1223 2566 cujus

175 2587 312 2650 alterius
328 2587 537 2669 sacrilegium
554 2587 743 2669 respublica
758 2609 857 2670 quam
876 2589 1021 2652 Neronis
1038 2588 1209 2653 sensisset.

218 2709 278 2754 vn.
312 2690 465 2772 Sequens
488 2711 596 2754 annus
620 2691 712 2772 gravi
735 2692 874 2755 vulnere
901 2691 1048 2754 animum
1076 2692 1224 2755 domum-

175 2813 239 2875 que
255 2793 328 2875 ejus
345 2794 468 2858 afflixit.
517 2795 604 2857 Nam
621 2794 736 2858 classis
755 2795 956 2871 Othoniana,
975 2795 1116 2858 licenter
1127 2816 1221 2878 vaga,

175 2900 252 2962 dum
271 2899 465 2962 Intemelios
485 2899 655 2981 (Liguriae
671 2921 747 2982 pars
764 2902 828 2981 est)
847 2900 1015 2964 hostiliter
1033 2901 1220 2982 populatur,

174 3012 315 3066 matrem
331 3002 511 3084 Agricolae
528 3003 562 3065 in
579 3004 722 3084 praediis
739 3003 808 3067 suis
825 3001 1003 3077 interfecit,
1022 3005 1222 3086 praediaque

174 3105 246 3186 ipsa
262 3115 296 3169 et
312 3126 466 3187 magnam
484 3106 675 3187 patrimonii
698 3115 827 3187 partem
850 3106 995 3187 diripuit,
1014 3126 1098 3188 quae
1122 3126 1223 3169 causa

175 3210 285 3272 caedis
311 3207 428 3273 luerat.
489 3210 596 3292 Igitur
622 3210 664 3272 ad
691 3209 866 3272 sollemnia
892 3209 1026 3290 pietatis
1050 3206 1222 3290 profectus

174 3312 342 3394 Agricola,
367 3312 485 3375 nuntio
510 3310 659 3377 affectati
682 3313 932 3394 aVespasiano
956 3311 1084 3394 imperii
1108 3312 1223 3393 depre-

173 3416 299 3479 hensus
326 3436 365 3481 ac
397 3417 510 3479 statim
541 3416 575 3478 in
606 3425 718 3497 partes
749 3425 980 3497 transgressus
1011 3425 1071 3479 est.
1121 3416 1222 3480 Initia

173 3519 379 3601 principatus
402 3540 441 3584 ac
465 3528 589 3582 statum
613 3519 704 3583 urbis
729 3519 907 3582 Mucianus
931 3520 1076 3600 regebat,
1097 3518 1222 3600 juvene

173 3623 351 3686 admodum
365 3623 559 3687 Domitiano
576 3632 610 3686 et
626 3642 667 3686 ex
683 3631 822 3704 paterna
833 3619 968 3685 iortuna
979 3631 1110 3685 tantum
1123 3622 1223 3686 licen-

173 3726 253 3788 tiam
270 3735 461 3807 usurpante.
510 3725 544 3788 Is
560 3725 698 3788 missum
715 3726 756 3788 ad
777 3725 928 3788 delectus
951 3726 1100 3806 agendos
1124 3725 1223 3808 Agri-

174 3829 279 3892 colam
293 3829 490 3911 integreque
502 3848 540 3890 ac
553 3838 690 3891 strenue
702 3838 880 3901 versatum,
894 3828 1072 3891 vicesimae
1084 3829 1219 3910 legioni,

93 3951 140 4004 ,ιε
174 3932 268 3995 tarde
300 3931 342 3994 ad
376 3939 620 3994 sacramentum
654 3939 892 4012 transgressae,
928 3931 1128 4011 praeposuit,
1164 3932 1221 3996 ubi
