2780 4320
161 179 163 184 ¹
181 187 200 248 8
505 183 572 248 The
593 185 672 267 ere
693 187 735 267 of
748 185 911 269 Agricola.

181 385 319 449 Caelum
343 386 468 450 crebris
492 387 655 451 imbribus
678 409 716 451 ac
740 387 872 451 nebulis
888 383 1044 466 foedum;
1067 389 1232 470 asperitas

178 486 340 571 frigorum
357 491 460 554 abest.
510 491 649 553 Dierum
667 491 775 571 spatia
794 491 881 553 ultra
903 491 1010 553 nostri
1034 491 1123 554 orbis
1141 514 1233 555 men-

180 612 312 670 suram;
336 614 401 656 nox
427 594 515 658 clara
539 604 573 656 et
601 605 749 656 extrema
771 594 964 656 Britanniae
988 605 1082 674 parte
1107 595 1230 670 brevis

180 707 216 760 ut
243 698 344 759 finem
370 707 471 778 atque
496 697 627 759 initium
651 697 735 759 lucis
759 697 878 778 exiguo
909 697 1104 760 discrimine
1130 697 1233 760 inter-

179 821 307 865 noscas.
349 801 448 882 Quod
465 801 493 863 si
520 801 627 863 nubes
643 821 711 862 non
728 800 885 876 officiant,
899 800 1003 881 aspici
1019 821 1079 882 per
1095 812 1230 864 noctem

80 914 84 922 '
179 905 259 967 solis
283 901 458 985 fulgorem,
476 925 539 966 nec
561 905 713 966 occidere
738 914 771 966 et
796 924 984 985 exsurgere,
1004 904 1063 966 sed
1087 905 1231 967 transire

178 1008 352 1072 affirmant.
401 1007 539 1070 Scilicet
563 1018 711 1069 extrema
734 1017 768 1070 et
792 1007 890 1088 plana
913 1016 1085 1080 terrarum,
1112 1007 1232 1070 humili

178 1117 304 1195 umbra,
322 1138 390 1180 non
415 1117 549 1198 erigunt
572 1118 738 1193 tenebras
757 1115 908 1199 infraque
924 1117 1052 1180 caelum
1069 1127 1103 1180 et
1121 1119 1232 1181 sidera

178 1240 244 1283 nox
274 1221 371 1286 cadit.
420 1221 546 1297 Solum,
575 1231 708 1302 praeter
732 1220 838 1283 oleam
862 1221 1032 1303 vitemque
1060 1231 1093 1284 et
1118 1232 1232 1284 cetera

178 1324 390 1388 calidioribus
421 1325 520 1387 terris
552 1325 629 1388 oriri
657 1333 761 1400 sueta,
786 1325 917 1405 patiens
949 1321 1092 1406 frugum,
1118 1323 1232 1388 fecun-

178 1430 278 1505 dum;
301 1428 396 1490 tarde
419 1427 611 1504 mitescunt,
629 1428 696 1490 cito
721 1429 931 1509 proveniunt,
949 1429 1132 1510 eademque
1152 1430 1232 1490 utri-

178 1552 283 1613 usque
321 1531 369 1594 rei
405 1551 513 1608 causa,
546 1531 670 1592 multus
712 1532 831 1593 humor
868 1541 1030 1593 terrarum
1069 1531 1227 1613 caelique.

179 1636 260 1697 Fert
291 1634 465 1697 Britannia
498 1655 613 1696 aurum
645 1644 679 1696 et
707 1645 883 1715 argentum
915 1644 949 1696 et
988 1634 1052 1697 alia
1082 1635 1227 1712 metalla,

177 1738 321 1820 pretium
348 1738 518 1802 victoriae.
567 1737 684 1818 Gignit
713 1747 746 1800 et
778 1757 924 1800 oceanus
954 1739 1142 1819 margarita,
1169 1740 1229 1801 sed

70 1883 88 1892 -
177 1838 337 1905 subfusca
352 1861 391 1904 ac
406 1839 553 1904 liventia.
603 1841 747 1922 Quidam
765 1849 869 1902 artem
894 1841 1013 1903 abesse
1036 1841 1228 1922 legentibus

176 1946 402 2030 arbitrantur;
424 1966 502 2007 nam
519 1945 553 2006 in
578 1945 676 2007 rubro
698 1945 781 2007 mari
796 1945 872 2007 viva
895 1966 932 2008 ac
956 1946 1118 2026 spirantia
1140 1947 1228 2009 saxis

177 2047 284 2123 avelli,
317 2047 351 2110 in
382 2047 556 2110 Britannia
592 2057 692 2129 prout
731 2048 868 2129 expulsa
899 2048 967 2111 sint
998 2049 1133 2130 colligi;
1165 2069 1227 2130 ego

176 2148 306 2214 facilius
337 2151 535 2214 crediderim
566 2160 719 2214 naturam
750 2151 940 2233 margaritis
971 2153 1090 2214 deesse
1129 2172 1227 2233 quam

176 2253 273 2315 nobis
297 2254 477 2318 avaritiam.

142 2369 145 2374 '
220 2373 295 2419 xnr.
329 2355 399 2437 Ipsi
426 2350 578 2417 Britanni
602 2351 769 2416 delectum
796 2372 835 2416 ac
862 2353 986 2416 tributa
1012 2362 1046 2416 et
1073 2353 1224 2436 injuncta

177 2457 306 2540 imperii
323 2478 460 2522 munera
476 2457 616 2539 impigre
638 2457 774 2532 obeunt,
792 2456 821 2519 si
844 2455 985 2538 injuriae
1008 2457 1139 2533 absint;
1163 2459 1225 2522 has

177 2581 276 2643 aegre
293 2563 445 2637 tolerant,
463 2561 530 2643 jam
547 2560 664 2623 domiti
681 2569 717 2622 ut
733 2569 880 2640 pareant,
899 2560 1048 2622 nondum
1064 2569 1102 2624 ut
1125 2561 1226 2624 servi-

177 2675 243 2729 ant.
292 2666 399 2748 lgitur
421 2666 547 2747 primus
571 2664 719 2727 omnium
744 2664 973 2752 Romanorum
996 2663 1091 2726 divus
1114 2665 1224 2744 Julius
1256 2717 1259 2722 .

177 2789 252 2833 cum
269 2770 416 2835 exercitu
432 2768 639 2832 Britanniam
656 2767 836 2849 ingressus,
849 2787 1047 2850 quamquam
1064 2788 1225 2849 prospera

177 2893 289 2956 pugna
304 2873 459 2936 terruerit
475 2871 601 2936 incolas
618 2892 656 2934 ac
672 2871 769 2934 litore
781 2871 908 2952 potitus
926 2870 977 2945 sit,
992 2880 1106 2952 potest
1118 2872 1225 2934 videri

177 2977 365 3040 ostendisse
389 2975 539 3058 posteris,
564 2995 632 3038 non
656 2974 840 3038 tradidisse.
890 2974 971 3036 Mox
993 2973 1081 3037 bella
1104 2974 1222 3050 civilia,

177 3089 211 3143 et
242 3079 275 3142 in
306 3080 543 3161 rempublicam
573 3098 670 3142 versa
700 3078 888 3160 principum
918 3097 1016 3152 arma,
1049 3097 1088 3140 ac
1122 3076 1224 3158 longa

176 3182 298 3246 oblivio
322 3183 513 3246 Britanniae
537 3183 637 3246 etiam
661 3181 695 3243 in
719 3201 810 3262 pace.
859 3179 1044 3245 Consilium
1071 3180 1104 3242 id
1126 3181 1223 3244 divus

175 3285 353 3368 Augustus
362 3285 672 3359 vocabat,Tiberius
683 3294 907 3366 praeceptum.
931 3283 1092 3365 Agitasse
1102 3283 1222 3350 Gaium

177 3389 355 3454 Caesarem
370 3389 412 3451 de
431 3389 585 3452 intranda
608 3388 781 3451 Britannia
804 3388 885 3450 satis
909 3396 1049 3463 constat,
1068 3386 1102 3449 ni
1125 3387 1225 3450 velox

175 3493 321 3576 ingenio,
339 3492 469 3555 mobilis
486 3491 720 3572 paenitentiae,
740 3500 774 3553 et
790 3490 947 3573 ingentes
966 3491 1126 3558 adversus
1144 3490 1225 3552 Ger-

175 3598 318 3661 maniam
336 3605 475 3659 conatus
491 3592 615 3658 frustra
633 3591 785 3658 fuissent.
834 3593 942 3656 Divus
968 3593 1126 3657 Claudius
1150 3613 1224 3656 auc-

176 3711 228 3764 tor
251 3700 360 3764 iterati
385 3698 503 3780 operis
529 3697 728 3761 transvectis
752 3696 941 3778 legionibus
966 3696 1161 3778 auxiliisque
1188 3707 1223 3760 et

175 3812 345 3884 assumpto
369 3802 403 3864 in
427 3809 555 3882 partem
579 3820 689 3863 rerum
718 3799 948 3879 Vespasian0;
979 3800 1067 3881 quod
1090 3798 1222 3862 initium

117 3931 142 3971 ιε
174 3916 336 3969 venturae
366 3924 444 3967 mox
473 3900 628 3966 fortunae
657 3898 729 3965 fuit.
785 3901 944 3965 Domitae
973 3911 1103 3984 gentes,
1132 3901 1222 3984 capti

130 4023 132 4030 ’
176 4027 281 4090 reges,
308 4016 342 4070 et
366 4013 572 4069 monstratus
596 4001 674 4067 fatis
698 4002 936 4085 Vespasianus
