<?xml version="1.0" encoding="UTF-8"?>
<!DOCTYPE html PUBLIC "-//W3C//DTD XHTML 1.0 Transitional//EN"
    "http://www.w3.org/TR/xhtml1/DTD/xhtml1-transitional.dtd">
<html xmlns="http://www.w3.org/1999/xhtml" xml:lang="en" lang="en">
 <head>
  <title>
</title>
<meta http-equiv="Content-Type" content="text/html;charset=utf-8" />
  <meta name='ocr-system' content='tesseract 3.04.00' />
  <meta name='ocr-capabilities' content='ocr_page ocr_carea ocr_par ocr_line ocrx_word'/>
</head>
<body>
  <div class='ocr_page' id='page_1' title='image "./pcornelitacitiv01tacigoog_0020.png"; bbox 0 0 2780 4320; ppageno 0'>
   <div class='ocr_carea' id='block_1_1' title="bbox 471 180 1202 264">
    <p class='ocr_par' dir='ltr' id='par_1_1' title="bbox 471 180 1202 264">
     <span class='ocr_line' id='line_1_1' title="bbox 471 180 1202 264; baseline 0 -20"><span class='ocrx_word' id='word_1_1' title='bbox 471 181 675 264; x_wconf 77' lang='lat' dir='ltr'>Descriptiou</span> <span class='ocrx_word' id='word_1_2' title='bbox 698 183 737 264; x_wconf 70' lang='lat' dir='ltr'>(ff</span> <span class='ocrx_word' id='word_1_3' title='bbox 753 180 895 245; x_wconf 75' lang='lat' dir='ltr'><em>Britain.</em></span> <span class='ocrx_word' id='word_1_4' title='bbox 1181 195 1202 262; x_wconf 92' lang='lat'><strong><em>7</em></strong></span> 
     </span>
    </p>
   </div>
   <div class='ocr_carea' id='block_1_2' title="bbox 92 367 1263 3978">
    <p class='ocr_par' dir='ltr' id='par_1_2' title="bbox 148 367 1201 556">
     <span class='ocr_line' id='line_1_2' title="bbox 148 367 1201 454; baseline 0.001 -20"><span class='ocrx_word' id='word_1_5' title='bbox 148 380 357 454; x_wconf 80' lang='lat' dir='ltr'>montesque,</span> <span class='ocrx_word' id='word_1_6' title='bbox 376 391 476 435; x_wconf 89' lang='lat' dir='ltr'>causa</span> <span class='ocrx_word' id='word_1_7' title='bbox 491 392 530 434; x_wconf 91' lang='lat' dir='ltr'>ac</span> <span class='ocrx_word' id='word_1_8' title='bbox 549 372 688 435; x_wconf 89' lang='lat' dir='ltr'>materia</span> <span class='ocrx_word' id='word_1_9' title='bbox 711 381 959 452; x_wconf 87' lang='lat' dir='ltr'>tempestatum,</span> <span class='ocrx_word' id='word_1_10' title='bbox 978 380 1012 434; x_wconf 89' lang='lat' dir='ltr'>et</span> <span class='ocrx_word' id='word_1_11' title='bbox 1035 367 1201 452; x_wconf 82' lang='lat' dir='ltr'>profunda</span> 
     </span>
     <span class='ocr_line' id='line_1_3' title="bbox 148 475 1199 556; baseline -0.001 -19"><span class='ocrx_word' id='word_1_12' title='bbox 148 475 255 538; x_wconf 89' lang='lat' dir='ltr'>moles</span> <span class='ocrx_word' id='word_1_13' title='bbox 294 475 445 539; x_wconf 89' lang='lat' dir='ltr'>continui</span> <span class='ocrx_word' id='word_1_14' title='bbox 484 475 583 538; x_wconf 91' lang='lat' dir='ltr'>maris</span> <span class='ocrx_word' id='word_1_15' title='bbox 621 475 747 538; x_wconf 91' lang='lat' dir='ltr'>tardius</span> <span class='ocrx_word' id='word_1_16' title='bbox 786 475 978 556; x_wconf 69' lang='lat' dir='ltr'>impellitur·</span> <span class='ocrx_word' id='word_1_17' title='bbox 1037 475 1199 537; x_wconf 83' lang='lat' dir='ltr'>Naturam</span> 
     </span>
    </p>

    <p class='ocr_par' dir='ltr' id='par_1_3' title="bbox 92 575 1259 1161">
     <span class='ocr_line' id='line_1_4' title="bbox 92 575 1197 662; baseline -0.001 -20"><span class='ocrx_word' id='word_1_18' title='bbox 92 658 94 662; x_wconf 11' lang='lat' dir='ltr'>y</span> <span class='ocrx_word' id='word_1_19' title='bbox 149 579 280 642; x_wconf 88' lang='lat' dir='ltr'>Oceani</span> <span class='ocrx_word' id='word_1_20' title='bbox 303 589 402 661; x_wconf 89' lang='lat' dir='ltr'>atque</span> <span class='ocrx_word' id='word_1_21' title='bbox 426 588 539 642; x_wconf 89' lang='lat' dir='ltr'>aestus</span> <span class='ocrx_word' id='word_1_22' title='bbox 564 575 672 661; x_wconf 85' lang='lat' dir='ltr'>neque</span> <span class='ocrx_word' id='word_1_23' title='bbox 696 598 854 661; x_wconf 82' lang='lat' dir='ltr'>quaerere</span> <span class='ocrx_word' id='word_1_24' title='bbox 879 578 979 659; x_wconf 83' lang='lat' dir='ltr'>hujus</span> <span class='ocrx_word' id='word_1_25' title='bbox 1002 577 1112 658; x_wconf 91' lang='lat' dir='ltr'>operis</span> <span class='ocrx_word' id='word_1_26' title='bbox 1136 588 1197 654; x_wconf 91' lang='lat' dir='ltr'>est,</span> 
     </span>
     <span class='ocr_line' id='line_1_5' title="bbox 148 681 1198 763; baseline -0.002 -17"><span class='ocrx_word' id='word_1_27' title='bbox 148 703 188 746; x_wconf 90' lang='lat' dir='ltr'>ac</span> <span class='ocrx_word' id='word_1_28' title='bbox 212 683 308 745; x_wconf 90' lang='lat' dir='ltr'>multi</span> <span class='ocrx_word' id='word_1_29' title='bbox 332 682 500 746; x_wconf 88' lang='lat' dir='ltr'>rettulere.</span> <span class='ocrx_word' id='word_1_30' title='bbox 551 682 667 746; x_wconf 91' lang='lat' dir='ltr'>Unum</span> <span class='ocrx_word' id='word_1_31' title='bbox 691 681 883 757; x_wconf 89' lang='lat' dir='ltr'>addiderim,</span> <span class='ocrx_word' id='word_1_32' title='bbox 909 701 1072 763; x_wconf 89' lang='lat' dir='ltr'>nusquam</span> <span class='ocrx_word' id='word_1_33' title='bbox 1100 681 1198 744; x_wconf 90' lang='lat' dir='ltr'>latius</span> 
     </span>
     <span class='ocr_line' id='line_1_6' title="bbox 148 781 1259 867; baseline 0.003 -19"><span class='ocrx_word' id='word_1_34' title='bbox 148 785 311 849; x_wconf 92' lang='lat' dir='ltr'>dominari</span> <span class='ocrx_word' id='word_1_35' title='bbox 328 806 427 862; x_wconf 90' lang='lat' dir='ltr'>mare,</span> <span class='ocrx_word' id='word_1_36' title='bbox 446 785 587 849; x_wconf 90' lang='lat' dir='ltr'>multum</span> <span class='ocrx_word' id='word_1_37' title='bbox 605 785 778 848; x_wconf 91' lang='lat' dir='ltr'>fluminum</span> <span class='ocrx_word' id='word_1_38' title='bbox 796 785 861 848; x_wconf 91' lang='lat' dir='ltr'>huc</span> <span class='ocrx_word' id='word_1_39' title='bbox 878 795 977 867; x_wconf 91' lang='lat' dir='ltr'>atque</span> <span class='ocrx_word' id='word_1_40' title='bbox 1000 784 1078 847; x_wconf 93' lang='lat' dir='ltr'>illuc</span> <span class='ocrx_word' id='word_1_41' title='bbox 1101 781 1196 861; x_wconf 85' lang='lat' dir='ltr'>ferre,</span> <span class='ocrx_word' id='word_1_42' title='bbox 1247 811 1259 851; x_wconf 79' lang='lat' dir='ltr'>s</span> 
     </span>
     <span class='ocr_line' id='line_1_7' title="bbox 149 887 1199 964; baseline 0 -12"><span class='ocrx_word' id='word_1_43' title='bbox 149 910 213 953; x_wconf 90' lang='lat' dir='ltr'>nec</span> <span class='ocrx_word' id='word_1_44' title='bbox 236 890 334 954; x_wconf 90' lang='lat' dir='ltr'>litore</span> <span class='ocrx_word' id='word_1_45' title='bbox 357 899 456 954; x_wconf 88' lang='lat' dir='ltr'>tenus</span> <span class='ocrx_word' id='word_1_46' title='bbox 480 909 671 953; x_wconf 88' lang='lat' dir='ltr'>accrescere</span> <span class='ocrx_word' id='word_1_47' title='bbox 695 899 753 952; x_wconf 92' lang='lat' dir='ltr'>aut</span> <span class='ocrx_word' id='word_1_48' title='bbox 776 888 949 964; x_wconf 88' lang='lat' dir='ltr'>resorberi,</span> <span class='ocrx_word' id='word_1_49' title='bbox 976 888 1034 951; x_wconf 91' lang='lat' dir='ltr'>sed</span> <span class='ocrx_word' id='word_1_50' title='bbox 1058 887 1199 952; x_wconf 90' lang='lat' dir='ltr'>influere</span> 
     </span>
     <span class='ocr_line' id='line_1_8' title="bbox 148 991 1199 1076; baseline -0.003 -19"><span class='ocrx_word' id='word_1_51' title='bbox 148 994 285 1075; x_wconf 89' lang='lat' dir='ltr'>penitus</span> <span class='ocrx_word' id='word_1_52' title='bbox 301 1002 401 1076; x_wconf 90' lang='lat' dir='ltr'>atque</span> <span class='ocrx_word' id='word_1_53' title='bbox 417 994 551 1069; x_wconf 89' lang='lat' dir='ltr'>ambire,</span> <span class='ocrx_word' id='word_1_54' title='bbox 571 1002 605 1057; x_wconf 85' lang='lat' dir='ltr'>et</span> <span class='ocrx_word' id='word_1_55' title='bbox 620 993 709 1076; x_wconf 88' lang='lat' dir='ltr'>jugis</span> <span class='ocrx_word' id='word_1_56' title='bbox 727 993 827 1056; x_wconf 92' lang='lat' dir='ltr'>etiam</span> <span class='ocrx_word' id='word_1_57' title='bbox 844 1012 882 1055; x_wconf 90' lang='lat' dir='ltr'>ac</span> <span class='ocrx_word' id='word_1_58' title='bbox 903 991 1072 1055; x_wconf 90' lang='lat' dir='ltr'>montibus</span> <span class='ocrx_word' id='word_1_59' title='bbox 1097 991 1199 1055; x_wconf 92' lang='lat' dir='ltr'>inseri</span> 
     </span>
     <span class='ocr_line' id='line_1_9' title="bbox 149 1097 378 1161; baseline 0.009 -2"><span class='ocrx_word' id='word_1_60' title='bbox 149 1097 242 1160; x_wconf 89' lang='lat' dir='ltr'>velut</span> <span class='ocrx_word' id='word_1_61' title='bbox 259 1098 292 1159; x_wconf 92' lang='lat' dir='ltr'>in</span> <span class='ocrx_word' id='word_1_62' title='bbox 309 1118 378 1161; x_wconf 91' lang='lat' dir='ltr'>suo.</span> 
     </span>
    </p>

    <p class='ocr_par' dir='ltr' id='par_1_4' title="bbox 149 1198 1260 2112">
     <span class='ocr_line' id='line_1_10' title="bbox 194 1198 1197 1282; baseline -0.002 -20"><span class='ocrx_word' id='word_1_63' title='bbox 194 1219 240 1264; x_wconf 79' lang='lat' dir='ltr'>xi.</span> <span class='ocrx_word' id='word_1_64' title='bbox 275 1200 433 1264; x_wconf 88' lang='lat' dir='ltr'>Ceterum</span> <span class='ocrx_word' id='word_1_65' title='bbox 450 1200 656 1264; x_wconf 87' lang='lat' dir='ltr'>Britanniam</span> <span class='ocrx_word' id='word_1_66' title='bbox 669 1199 724 1282; x_wconf 92' lang='lat' dir='ltr'>qui</span> <span class='ocrx_word' id='word_1_67' title='bbox 738 1200 895 1262; x_wconf 91' lang='lat' dir='ltr'>mortales</span> <span class='ocrx_word' id='word_1_68' title='bbox 912 1198 1006 1261; x_wconf 91' lang='lat' dir='ltr'>initio</span> <span class='ocrx_word' id='word_1_69' title='bbox 1024 1198 1197 1274; x_wconf 90' lang='lat' dir='ltr'>coluerint,</span> 
     </span>
     <span class='ocr_line' id='line_1_11' title="bbox 149 1303 1260 1386; baseline -0.004 -19"><span class='ocrx_word' id='word_1_70' title='bbox 149 1304 328 1386; x_wconf 87' lang='lat' dir='ltr'>indigenae</span> <span class='ocrx_word' id='word_1_71' title='bbox 344 1325 386 1367; x_wconf 91' lang='lat' dir='ltr'>an</span> <span class='ocrx_word' id='word_1_72' title='bbox 403 1305 542 1378; x_wconf 90' lang='lat' dir='ltr'>advecti,</span> <span class='ocrx_word' id='word_1_73' title='bbox 561 1314 596 1367; x_wconf 91' lang='lat' dir='ltr'>ut</span> <span class='ocrx_word' id='word_1_74' title='bbox 618 1304 706 1367; x_wconf 89' lang='lat' dir='ltr'>inter</span> <span class='ocrx_word' id='word_1_75' title='bbox 729 1303 886 1367; x_wconf 91' lang='lat' dir='ltr'>barbaros</span> <span class='ocrx_word' id='word_1_76' title='bbox 914 1323 1029 1384; x_wconf 92' lang='lat' dir='ltr'>parum</span> <span class='ocrx_word' id='word_1_77' title='bbox 1053 1321 1200 1383; x_wconf 91' lang='lat' dir='ltr'>comper·</span> <span class='ocrx_word' id='word_1_78' title='bbox 1235 1336 1260 1363; x_wconf 74' lang='grc' dir='ltr'>ιο</span> 
     </span>
     <span class='ocr_line' id='line_1_12' title="bbox 150 1406 1195 1489; baseline -0.001 -18"><span class='ocrx_word' id='word_1_79' title='bbox 150 1418 230 1472; x_wconf 91' lang='lat' dir='ltr'>tum.</span> <span class='ocrx_word' id='word_1_80' title='bbox 280 1406 426 1471; x_wconf 88' lang='lat' dir='ltr'>Habitus</span> <span class='ocrx_word' id='word_1_81' title='bbox 443 1428 618 1489; x_wconf 91' lang='lat' dir='ltr'>corporum</span> <span class='ocrx_word' id='word_1_82' title='bbox 633 1407 723 1481; x_wconf 92' lang='lat' dir='ltr'>varii,</span> <span class='ocrx_word' id='word_1_83' title='bbox 742 1416 841 1489; x_wconf 92' lang='lat' dir='ltr'>atque</span> <span class='ocrx_word' id='word_1_84' title='bbox 865 1426 905 1469; x_wconf 87' lang='lat' dir='ltr'>ex</span> <span class='ocrx_word' id='word_1_85' title='bbox 927 1425 966 1469; x_wconf 91' lang='lat' dir='ltr'>eo</span> <span class='ocrx_word' id='word_1_86' title='bbox 991 1415 1195 1487; x_wconf 82' lang='lat' dir='ltr'>argumenta</span> 
     </span>
     <span class='ocr_line' id='line_1_13' title="bbox 150 1509 1198 1593; baseline -0.004 -19"><span class='ocrx_word' id='word_1_87' title='bbox 150 1509 306 1593; x_wconf 89' lang='lat' dir='ltr'>Namque</span> <span class='ocrx_word' id='word_1_88' title='bbox 322 1512 440 1575; x_wconf 91' lang='lat' dir='ltr'>rutilae</span> <span class='ocrx_word' id='word_1_89' title='bbox 458 1511 673 1574; x_wconf 89' lang='lat' dir='ltr'>Caledoniam</span> <span class='ocrx_word' id='word_1_90' title='bbox 696 1510 918 1574; x_wconf 86' lang='lat' dir='ltr'>habitantium</span> <span class='ocrx_word' id='word_1_91' title='bbox 943 1529 1067 1583; x_wconf 90' lang='lat' dir='ltr'>comae,</span> <span class='ocrx_word' id='word_1_92' title='bbox 1086 1509 1198 1591; x_wconf 87' lang='lat' dir='ltr'>magni</span> 
     </span>
     <span class='ocr_line' id='line_1_14' title="bbox 151 1611 1200 1697; baseline -0.003 -19"><span class='ocrx_word' id='word_1_93' title='bbox 151 1625 241 1679; x_wconf 88' lang='lat' dir='ltr'>artus</span> <span class='ocrx_word' id='word_1_94' title='bbox 259 1615 492 1678; x_wconf 91' lang='lat' dir='ltr'>Germanicam</span> <span class='ocrx_word' id='word_1_95' title='bbox 511 1615 674 1697; x_wconf 86' lang='lat' dir='ltr'>originem</span> <span class='ocrx_word' id='word_1_96' title='bbox 696 1622 898 1677; x_wconf 90' lang='lat' dir='ltr'>asseverant.</span> <span class='ocrx_word' id='word_1_97' title='bbox 949 1612 1094 1676; x_wconf 89' lang='lat' dir='ltr'>Silurum</span> <span class='ocrx_word' id='word_1_98' title='bbox 1114 1611 1200 1675; x_wconf 92' lang='lat' dir='ltr'>colo·</span> 
     </span>
     <span class='ocr_line' id='line_1_15' title="bbox 150 1717 1200 1801; baseline -0.002 -19"><span class='ocrx_word' id='word_1_99' title='bbox 150 1719 213 1782; x_wconf 90' lang='lat' dir='ltr'>rati</span> <span class='ocrx_word' id='word_1_100' title='bbox 240 1719 361 1794; x_wconf 72' lang='lat' dir='ltr'>vultus</span> <span class='ocrx_word' id='word_1_101' title='bbox 389 1718 469 1782; x_wconf 91' lang='lat' dir='ltr'>torti</span> <span class='ocrx_word' id='word_1_102' title='bbox 499 1719 693 1801; x_wconf 90' lang='lat' dir='ltr'>plerumque</span> <span class='ocrx_word' id='word_1_103' title='bbox 724 1718 842 1794; x_wconf 90' lang='lat' dir='ltr'>crines,</span> <span class='ocrx_word' id='word_1_104' title='bbox 876 1727 910 1780; x_wconf 93' lang='lat' dir='ltr'>et</span> <span class='ocrx_word' id='word_1_105' title='bbox 942 1717 1052 1798; x_wconf 91' lang='lat' dir='ltr'>posita</span> <span class='ocrx_word' id='word_1_106' title='bbox 1083 1726 1200 1780; x_wconf 92' lang='lat' dir='ltr'>contra</span> 
     </span>
     <span class='ocr_line' id='line_1_16' title="bbox 153 1821 1260 1904; baseline -0.001 -17"><span class='ocrx_word' id='word_1_107' title='bbox 153 1823 319 1904; x_wconf 87' lang='lat' dir='ltr'>Hispania</span> <span class='ocrx_word' id='word_1_108' title='bbox 343 1823 458 1886; x_wconf 88' lang='lat' dir='ltr'>Iberos</span> <span class='ocrx_word' id='word_1_109' title='bbox 481 1833 613 1885; x_wconf 91' lang='lat' dir='ltr'>veteres</span> <span class='ocrx_word' id='word_1_110' title='bbox 636 1822 809 1904; x_wconf 89' lang='lat' dir='ltr'>trajecisse</span> <span class='ocrx_word' id='word_1_111' title='bbox 833 1840 955 1903; x_wconf 90' lang='lat' dir='ltr'>easque</span> <span class='ocrx_word' id='word_1_112' title='bbox 980 1821 1078 1883; x_wconf 91' lang='lat' dir='ltr'>sedes</span> <span class='ocrx_word' id='word_1_113' title='bbox 1106 1840 1201 1885; x_wconf 92' lang='lat' dir='ltr'>occu·</span> <span class='ocrx_word' id='word_1_114' title='bbox 1235 1845 1260 1886; x_wconf 70' lang='grc' dir='ltr'>ιε</span> 
     </span>
     <span class='ocr_line' id='line_1_17' title="bbox 150 1924 1201 2010; baseline -0.002 -20"><span class='ocrx_word' id='word_1_115' title='bbox 150 1947 250 2010; x_wconf 87' lang='lat' dir='ltr'>passe</span> <span class='ocrx_word' id='word_1_116' title='bbox 266 1927 366 1990; x_wconf 87' lang='lat' dir='ltr'>fidem</span> <span class='ocrx_word' id='word_1_117' title='bbox 378 1924 514 1990; x_wconf 81' lang='lat' dir='ltr'>iaciunt.</span> <span class='ocrx_word' id='word_1_118' title='bbox 563 1925 704 1988; x_wconf 88' lang='lat' dir='ltr'>Proximi</span> <span class='ocrx_word' id='word_1_119' title='bbox 722 1925 827 1988; x_wconf 90' lang='lat' dir='ltr'>Gallis</span> <span class='ocrx_word' id='word_1_120' title='bbox 844 1935 878 1988; x_wconf 87' lang='lat' dir='ltr'>et</span> <span class='ocrx_word' id='word_1_121' title='bbox 890 1924 1020 1988; x_wconf 89' lang='lat' dir='ltr'>similes</span> <span class='ocrx_word' id='word_1_122' title='bbox 1038 1933 1125 2001; x_wconf 88' lang='lat' dir='ltr'>sunt,</span> <span class='ocrx_word' id='word_1_123' title='bbox 1140 1945 1201 1988; x_wconf 92' lang='lat' dir='ltr'>seu</span> 
     </span>
     <span class='ocr_line' id='line_1_18' title="bbox 152 2029 1198 2112; baseline -0.002 -18"><span class='ocrx_word' id='word_1_124' title='bbox 152 2032 292 2094; x_wconf 89' lang='lat' dir='ltr'>durante</span> <span class='ocrx_word' id='word_1_125' title='bbox 309 2030 447 2112; x_wconf 89' lang='lat' dir='ltr'>originis</span> <span class='ocrx_word' id='word_1_126' title='bbox 462 2030 504 2106; x_wconf 93' lang='lat' dir='ltr'>vi,</span> <span class='ocrx_word' id='word_1_127' title='bbox 523 2049 591 2106; x_wconf 89' lang='lat' dir='ltr'>seu,</span> <span class='ocrx_word' id='word_1_128' title='bbox 609 2029 881 2110; x_wconf 89' lang='lat' dir='ltr'>procurrentibus</span> <span class='ocrx_word' id='word_1_129' title='bbox 898 2029 932 2091; x_wconf 92' lang='lat' dir='ltr'>in</span> <span class='ocrx_word' id='word_1_130' title='bbox 946 2029 1077 2092; x_wconf 91' lang='lat' dir='ltr'>diversa</span> <span class='ocrx_word' id='word_1_131' title='bbox 1091 2030 1198 2104; x_wconf 91' lang='lat' dir='ltr'>terris,</span> 
     </span>
    </p>

    <p class='ocr_par' dir='ltr' id='par_1_5' title="bbox 105 2132 1263 3978">
     <span class='ocr_line' id='line_1_19' title="bbox 105 2132 1200 2220; baseline 0 -24"><span class='ocrx_word' id='word_1_132' title='bbox 105 2151 115 2164; x_wconf 92' lang='lat'><strong>·</strong></span> <span class='ocrx_word' id='word_1_133' title='bbox 152 2134 274 2220; x_wconf 89' lang='lat' dir='ltr'>positio</span> <span class='ocrx_word' id='word_1_134' title='bbox 298 2133 381 2197; x_wconf 92' lang='lat' dir='ltr'>caeli</span> <span class='ocrx_word' id='word_1_135' title='bbox 405 2133 598 2215; x_wconf 89' lang='lat' dir='ltr'>corporibus</span> <span class='ocrx_word' id='word_1_136' title='bbox 624 2133 775 2197; x_wconf 91' lang='lat' dir='ltr'>habitum</span> <span class='ocrx_word' id='word_1_137' title='bbox 803 2132 914 2209; x_wconf 89' lang='lat' dir='ltr'>dedit;</span> <span class='ocrx_word' id='word_1_138' title='bbox 946 2132 980 2196; x_wconf 89' lang='lat' dir='ltr'>in</span> <span class='ocrx_word' id='word_1_139' title='bbox 1009 2132 1200 2196; x_wconf 90' lang='lat' dir='ltr'>universum</span> 
     </span>
     <span class='ocr_line' id='line_1_20' title="bbox 154 2235 1200 2317; baseline -0.002 -16"><span class='ocrx_word' id='word_1_140' title='bbox 154 2247 265 2302; x_wconf 87' lang='lat' dir='ltr'>tamen</span> <span class='ocrx_word' id='word_1_141' title='bbox 299 2236 488 2300; x_wconf 88' lang='lat' dir='ltr'>aestimanti</span> <span class='ocrx_word' id='word_1_142' title='bbox 521 2235 635 2299; x_wconf 91' lang='lat' dir='ltr'>Gallos</span> <span class='ocrx_word' id='word_1_143' title='bbox 665 2236 809 2300; x_wconf 89' lang='lat' dir='ltr'>vicinam</span> <span class='ocrx_word' id='word_1_144' title='bbox 840 2235 983 2298; x_wconf 89' lang='lat' dir='ltr'>insulam</span> <span class='ocrx_word' id='word_1_145' title='bbox 1017 2256 1200 2317; x_wconf 89' lang='lat' dir='ltr'>occupasse</span> 
     </span>
     <span class='ocr_line' id='line_1_21' title="bbox 153 2340 1262 2422; baseline -0.007 -16"><span class='ocrx_word' id='word_1_146' title='bbox 153 2341 311 2407; x_wconf 88' lang='lat' dir='ltr'>credibile</span> <span class='ocrx_word' id='word_1_147' title='bbox 335 2350 395 2405; x_wconf 93' lang='lat' dir='ltr'>est.</span> <span class='ocrx_word' id='word_1_148' title='bbox 451 2342 577 2404; x_wconf 88' lang='lat' dir='ltr'>Eorum</span> <span class='ocrx_word' id='word_1_149' title='bbox 604 2360 698 2404; x_wconf 91' lang='lat' dir='ltr'>sacra</span> <span class='ocrx_word' id='word_1_150' title='bbox 727 2340 968 2422; x_wconf 88' lang='lat' dir='ltr'>deprehendas,</span> <span class='ocrx_word' id='word_1_151' title='bbox 995 2341 1201 2422; x_wconf 89' lang='lat' dir='ltr'>superstitio·</span> <span class='ocrx_word' id='word_1_152' title='bbox 1236 2369 1262 2398; x_wconf 68' lang='grc' dir='ltr'><strong><em>ω</em></strong></span> 
     </span>
     <span class='ocr_line' id='line_1_22' title="bbox 154 2443 1201 2527; baseline 0 -19"><span class='ocrx_word' id='word_1_153' title='bbox 154 2467 233 2519; x_wconf 83' lang='lat' dir='ltr'>num</span> <span class='ocrx_word' id='word_1_154' title='bbox 260 2444 513 2527; x_wconf 91' lang='lat' dir='ltr'>persuasiones;</span> <span class='ocrx_word' id='word_1_155' title='bbox 544 2464 654 2508; x_wconf 91' lang='lat' dir='ltr'>sermo</span> <span class='ocrx_word' id='word_1_156' title='bbox 681 2444 769 2507; x_wconf 90' lang='lat' dir='ltr'>haud</span> <span class='ocrx_word' id='word_1_157' title='bbox 796 2444 938 2507; x_wconf 89' lang='lat' dir='ltr'>multum</span> <span class='ocrx_word' id='word_1_158' title='bbox 965 2443 1135 2521; x_wconf 89' lang='lat' dir='ltr'>diversus;</span> <span class='ocrx_word' id='word_1_159' title='bbox 1166 2445 1201 2508; x_wconf 91' lang='lat' dir='ltr'>in</span> 
     </span>
     <span class='ocr_line' id='line_1_23' title="bbox 154 2547 1200 2632; baseline -0.004 -16"><span class='ocrx_word' id='word_1_160' title='bbox 154 2549 374 2632; x_wconf 90' lang='lat' dir='ltr'>deposcendis</span> <span class='ocrx_word' id='word_1_161' title='bbox 398 2547 552 2630; x_wconf 88' lang='lat' dir='ltr'>periculis</span> <span class='ocrx_word' id='word_1_162' title='bbox 580 2548 696 2611; x_wconf 90' lang='lat' dir='ltr'>eadem</span> <span class='ocrx_word' id='word_1_163' title='bbox 717 2547 854 2611; x_wconf 91' lang='lat' dir='ltr'>audacia</span> <span class='ocrx_word' id='word_1_164' title='bbox 876 2555 920 2624; x_wconf 88' lang='lat' dir='ltr'>et&#39;,</span> <span class='ocrx_word' id='word_1_165' title='bbox 945 2547 1002 2611; x_wconf 93' lang='lat' dir='ltr'>ubi</span> <span class='ocrx_word' id='word_1_166' title='bbox 1025 2549 1200 2625; x_wconf 91' lang='lat' dir='ltr'>advenere,</span> 
     </span>
     <span class='ocr_line' id='line_1_24' title="bbox 155 2648 1201 2717; baseline 0 0"><span class='ocrx_word' id='word_1_167' title='bbox 155 2654 188 2717; x_wconf 92' lang='lat' dir='ltr'>in</span> <span class='ocrx_word' id='word_1_168' title='bbox 216 2652 440 2717; x_wconf 88' lang='lat' dir='ltr'>detractandis</span> <span class='ocrx_word' id='word_1_169' title='bbox 464 2652 581 2715; x_wconf 91' lang='lat' dir='ltr'>eadem</span> <span class='ocrx_word' id='word_1_170' title='bbox 603 2648 754 2716; x_wconf 81' lang='lat' dir='ltr'>formido.</span> <span class='ocrx_word' id='word_1_171' title='bbox 812 2650 889 2716; x_wconf 93' lang='lat' dir='ltr'>Plus</span> <span class='ocrx_word' id='word_1_172' title='bbox 917 2661 1030 2715; x_wconf 90' lang='lat' dir='ltr'>tamen</span> <span class='ocrx_word' id='word_1_173' title='bbox 1056 2650 1201 2717; x_wconf 80' lang='lat' dir='ltr'>ferociae</span> 
     </span>
     <span class='ocr_line' id='line_1_25' title="bbox 154 2753 1202 2838; baseline -0.002 -16"><span class='ocrx_word' id='word_1_174' title='bbox 154 2757 308 2822; x_wconf 82' lang='lat' dir='ltr'>Britanni</span> <span class='ocrx_word' id='word_1_175' title='bbox 323 2753 524 2838; x_wconf 84' lang='lat' dir='ltr'>praeferunt,</span> <span class='ocrx_word' id='word_1_176' title='bbox 543 2765 580 2818; x_wconf 90' lang='lat' dir='ltr'>ut</span> <span class='ocrx_word' id='word_1_177' title='bbox 596 2776 679 2838; x_wconf 91' lang='lat' dir='ltr'>quos</span> <span class='ocrx_word' id='word_1_178' title='bbox 696 2756 844 2818; x_wconf 88' lang='lat' dir='ltr'>nondum</span> <span class='ocrx_word' id='word_1_179' title='bbox 869 2755 970 2838; x_wconf 92' lang='lat' dir='ltr'>longa</span> <span class='ocrx_word' id='word_1_180' title='bbox 992 2777 1056 2838; x_wconf 86' lang='lat' dir='ltr'>pax</span> <span class='ocrx_word' id='word_1_181' title='bbox 1079 2757 1202 2820; x_wconf 91' lang='lat' dir='ltr'>emolli-</span> 
     </span>
     <span class='ocr_line' id='line_1_26' title="bbox 155 2858 1263 2941; baseline -0.003 -19"><span class='ocrx_word' id='word_1_182' title='bbox 155 2860 225 2924; x_wconf 90' lang='lat' dir='ltr'>erit.</span> <span class='ocrx_word' id='word_1_183' title='bbox 274 2861 361 2922; x_wconf 91' lang='lat' dir='ltr'>Nam</span> <span class='ocrx_word' id='word_1_184' title='bbox 379 2858 640 2941; x_wconf 90' lang='lat' dir='ltr'>Gallosquoque</span> <span class='ocrx_word' id='word_1_185' title='bbox 657 2859 804 2923; x_wconf 91' lang='lat' dir='ltr'>inbellis</span> <span class='ocrx_word' id='word_1_186' title='bbox 821 2859 973 2922; x_wconf 90' lang='lat' dir='ltr'>floruisse</span> <span class='ocrx_word' id='word_1_187' title='bbox 993 2860 1202 2941; x_wconf 90' lang='lat' dir='ltr'>accepimus;</span> <span class='ocrx_word' id='word_1_188' title='bbox 1237 2890 1263 2930; x_wconf 59' lang='grc' dir='ltr'>,ς</span> 
     </span>
     <span class='ocr_line' id='line_1_27' title="bbox 155 2963 1203 3046; baseline 0.003 -21"><span class='ocrx_word' id='word_1_189' title='bbox 155 2984 231 3025; x_wconf 87' lang='lat' dir='ltr'>mox</span> <span class='ocrx_word' id='word_1_190' title='bbox 247 2963 390 3046; x_wconf 85' lang='lat' dir='ltr'>segnitia</span> <span class='ocrx_word' id='word_1_191' title='bbox 406 2984 481 3027; x_wconf 91' lang='lat' dir='ltr'>cum</span> <span class='ocrx_word' id='word_1_192' title='bbox 498 2963 566 3026; x_wconf 89' lang='lat' dir='ltr'>otio</span> <span class='ocrx_word' id='word_1_193' title='bbox 583 2963 869 3039; x_wconf 67' lang='lat' dir='ltr'>intravit-amissa</span> <span class='ocrx_word' id='word_1_194' title='bbox 885 2963 1009 3026; x_wconf 88' lang='lat' dir='ltr'>virtute</span> <span class='ocrx_word' id='word_1_195' title='bbox 1025 2964 1149 3044; x_wconf 90' lang='lat' dir='ltr'>pariter</span> <span class='ocrx_word' id='word_1_196' title='bbox 1164 2985 1203 3028; x_wconf 90' lang='lat' dir='ltr'>ac</span> 
     </span>
     <span class='ocr_line' id='line_1_28' title="bbox 154 3066 1203 3148; baseline 0.002 -20"><span class='ocrx_word' id='word_1_197' title='bbox 154 3066 317 3130; x_wconf 88' lang='lat' dir='ltr'>libertate.</span> <span class='ocrx_word' id='word_1_198' title='bbox 366 3067 465 3148; x_wconf 80' lang='lat' dir='ltr'>Quod</span> <span class='ocrx_word' id='word_1_199' title='bbox 482 3067 718 3130; x_wconf 90' lang='lat' dir='ltr'>Britannorum</span> <span class='ocrx_word' id='word_1_200' title='bbox 735 3066 813 3130; x_wconf 92' lang='lat' dir='ltr'>olim</span> <span class='ocrx_word' id='word_1_201' title='bbox 830 3066 928 3130; x_wconf 91' lang='lat' dir='ltr'>victis</span> <span class='ocrx_word' id='word_1_202' title='bbox 945 3067 1077 3142; x_wconf 88' lang='lat' dir='ltr'>evenit;</span> <span class='ocrx_word' id='word_1_203' title='bbox 1099 3067 1203 3130; x_wconf 90' lang='lat' dir='ltr'>ceteri</span> 
     </span>
     <span class='ocr_line' id='line_1_29' title="bbox 151 3169 1201 3257; baseline -0.002 -19"><span class='ocrx_word' id='word_1_204' title='bbox 151 3185 289 3238; x_wconf 92' lang='lat' dir='ltr'>manent</span> <span class='ocrx_word' id='word_1_205' title='bbox 317 3175 431 3257; x_wconf 91' lang='lat' dir='ltr'>quales</span> <span class='ocrx_word' id='word_1_206' title='bbox 459 3173 546 3237; x_wconf 90' lang='lat' dir='ltr'>Galli</span> <span class='ocrx_word' id='word_1_207' title='bbox 573 3169 719 3238; x_wconf 83' lang='lat' dir='ltr'>fuerunt.</span> <span class='ocrx_word' id='word_1_208' title='bbox 766 3191 825 3237; x_wconf 86' lang='lat' dir='ltr'>xn.</span> <span class='ocrx_word' id='word_1_209' title='bbox 867 3173 907 3235; x_wconf 92' lang='lat' dir='ltr'>In</span> <span class='ocrx_word' id='word_1_210' title='bbox 942 3173 1055 3254; x_wconf 90' lang='lat' dir='ltr'>pedite</span> <span class='ocrx_word' id='word_1_211' title='bbox 1082 3175 1201 3250; x_wconf 91' lang='lat' dir='ltr'>robur;</span> 
     </span>
     <span class='ocr_line' id='line_1_30' title="bbox 151 3275 1202 3361; baseline -0.004 -19"><span class='ocrx_word' id='word_1_212' title='bbox 151 3280 314 3361; x_wconf 89' lang='lat' dir='ltr'>quaedam</span> <span class='ocrx_word' id='word_1_213' title='bbox 342 3278 495 3340; x_wconf 87' lang='lat' dir='ltr'>nationes</span> <span class='ocrx_word' id='word_1_214' title='bbox 521 3284 554 3340; x_wconf 91' lang='lat' dir='ltr'>et</span> <span class='ocrx_word' id='word_1_215' title='bbox 581 3296 679 3338; x_wconf 92' lang='lat' dir='ltr'>curru</span> <span class='ocrx_word' id='word_1_216' title='bbox 704 3275 929 3356; x_wconf 88' lang='lat' dir='ltr'>proeliantur;</span> <span class='ocrx_word' id='word_1_217' title='bbox 952 3276 1126 3339; x_wconf 91' lang='lat' dir='ltr'>honestior</span> <span class='ocrx_word' id='word_1_218' title='bbox 1149 3297 1202 3339; x_wconf 92' lang='lat' dir='ltr'>au-</span> 
     </span>
     <span class='ocr_line' id='line_1_31' title="bbox 152 3379 1262 3465; baseline -0.003 -19"><span class='ocrx_word' id='word_1_219' title='bbox 152 3383 231 3465; x_wconf 89' lang='lat' dir='ltr'>riga,</span> <span class='ocrx_word' id='word_1_220' title='bbox 243 3381 384 3445; x_wconf 91' lang='lat' dir='ltr'>clientes</span> <span class='ocrx_word' id='word_1_221' title='bbox 401 3389 624 3462; x_wconf 89' lang='lat' dir='ltr'>propugnant.</span> <span class='ocrx_word' id='word_1_222' title='bbox 672 3379 761 3442; x_wconf 91' lang='lat' dir='ltr'>Olim</span> <span class='ocrx_word' id='word_1_223' title='bbox 778 3379 913 3460; x_wconf 88' lang='lat' dir='ltr'>regibus</span> <span class='ocrx_word' id='word_1_224' title='bbox 929 3380 1099 3460; x_wconf 89' lang='lat' dir='ltr'>parebant,</span> <span class='ocrx_word' id='word_1_225' title='bbox 1112 3400 1200 3442; x_wconf 92' lang='lat' dir='ltr'>nunc</span> <span class='ocrx_word' id='word_1_226' title='bbox 1236 3405 1262 3443; x_wconf 75' lang='lat'>³0</span> 
     </span>
     <span class='ocr_line' id='line_1_32' title="bbox 152 3481 1201 3570; baseline -0.005 -21"><span class='ocrx_word' id='word_1_227' title='bbox 152 3506 212 3570; x_wconf 92' lang='lat' dir='ltr'>per</span> <span class='ocrx_word' id='word_1_228' title='bbox 227 3485 394 3567; x_wconf 91' lang='lat' dir='ltr'>principes</span> <span class='ocrx_word' id='word_1_229' title='bbox 409 3481 612 3546; x_wconf 84' lang='lat' dir='ltr'>factionibus</span> <span class='ocrx_word' id='word_1_230' title='bbox 629 3491 662 3545; x_wconf 92' lang='lat' dir='ltr'>et</span> <span class='ocrx_word' id='word_1_231' title='bbox 677 3482 795 3544; x_wconf 88' lang='lat' dir='ltr'>studiis</span> <span class='ocrx_word' id='word_1_232' title='bbox 812 3483 1010 3559; x_wconf 79' lang='lat' dir='ltr'>trahuntur3</span> <span class='ocrx_word' id='word_1_233' title='bbox 1034 3503 1096 3547; x_wconf 89' lang='lat' dir='ltr'>nec</span> <span class='ocrx_word' id='word_1_234' title='bbox 1112 3483 1201 3546; x_wconf 93' lang='lat' dir='ltr'>aliud</span> 
     </span>
     <span class='ocr_line' id='line_1_33' title="bbox 147 3586 1200 3668; baseline -0.003 -16"><span class='ocrx_word' id='word_1_235' title='bbox 147 3591 311 3652; x_wconf 87' lang='lat' dir='ltr'>adversus</span> <span class='ocrx_word' id='word_1_236' title='bbox 339 3587 560 3650; x_wconf 89' lang='lat' dir='ltr'>validissimas</span> <span class='ocrx_word' id='word_1_237' title='bbox 591 3595 711 3667; x_wconf 89' lang='lat' dir='ltr'>gentes</span> <span class='ocrx_word' id='word_1_238' title='bbox 742 3607 801 3666; x_wconf 93' lang='lat' dir='ltr'>pro</span> <span class='ocrx_word' id='word_1_239' title='bbox 833 3587 929 3649; x_wconf 91' lang='lat' dir='ltr'>nobis</span> <span class='ocrx_word' id='word_1_240' title='bbox 957 3586 1070 3650; x_wconf 91' lang='lat' dir='ltr'>utilius</span> <span class='ocrx_word' id='word_1_241' title='bbox 1102 3607 1200 3668; x_wconf 91' lang='lat' dir='ltr'>quam</span> 
     </span>
     <span class='ocr_line' id='line_1_34' title="bbox 153 3687 1202 3775; baseline -0.004 -19"><span class='ocrx_word' id='word_1_242' title='bbox 153 3694 239 3775; x_wconf 94' lang='lat' dir='ltr'>quod</span> <span class='ocrx_word' id='word_1_243' title='bbox 265 3693 298 3755; x_wconf 92' lang='lat' dir='ltr'>in</span> <span class='ocrx_word' id='word_1_244' title='bbox 322 3711 497 3772; x_wconf 82' lang='lat' dir='ltr'>commune</span> <span class='ocrx_word' id='word_1_245' title='bbox 525 3710 591 3752; x_wconf 92' lang='lat' dir='ltr'>non</span> <span class='ocrx_word' id='word_1_246' title='bbox 621 3687 810 3753; x_wconf 90' lang='lat' dir='ltr'>consulunt.</span> <span class='ocrx_word' id='word_1_247' title='bbox 859 3689 968 3752; x_wconf 92' lang='lat' dir='ltr'>Rarus</span> <span class='ocrx_word' id='word_1_248' title='bbox 995 3690 1122 3752; x_wconf 91' lang='lat' dir='ltr'>duabus</span> <span class='ocrx_word' id='word_1_249' title='bbox 1146 3689 1202 3752; x_wconf 90' lang='lat' dir='ltr'>tri·</span> 
     </span>
     <span class='ocr_line' id='line_1_35' title="bbox 152 3791 1200 3874; baseline -0.005 -14"><span class='ocrx_word' id='word_1_250' title='bbox 152 3799 257 3860; x_wconf 86' lang='lat' dir='ltr'>busve</span> <span class='ocrx_word' id='word_1_251' title='bbox 274 3795 466 3859; x_wconf 91' lang='lat' dir='ltr'>civitatibus</span> <span class='ocrx_word' id='word_1_252' title='bbox 482 3794 524 3856; x_wconf 93' lang='lat' dir='ltr'>ad</span> <span class='ocrx_word' id='word_1_253' title='bbox 547 3792 807 3874; x_wconf 90' lang='lat' dir='ltr'>propulsandum</span> <span class='ocrx_word' id='word_1_254' title='bbox 824 3811 1001 3856; x_wconf 90' lang='lat' dir='ltr'>commune</span> <span class='ocrx_word' id='word_1_255' title='bbox 1017 3791 1200 3872; x_wconf 91' lang='lat' dir='ltr'>periculum</span> 
     </span>
     <span class='ocr_line' id='line_1_36' title="bbox 154 3893 1261 3978; baseline -0.004 -14"><span class='ocrx_word' id='word_1_256' title='bbox 154 3910 362 3975; x_wconf 89' lang='lat' dir='ltr'>conventus;</span> <span class='ocrx_word' id='word_1_257' title='bbox 398 3897 445 3960; x_wconf 92' lang='lat' dir='ltr'>ita</span> <span class='ocrx_word' id='word_1_258' title='bbox 472 3896 596 3978; x_wconf 87' lang='lat' dir='ltr'>singuli</span> <span class='ocrx_word' id='word_1_259' title='bbox 634 3903 795 3977; x_wconf 88' lang='lat' dir='ltr'>pugnant,</span> <span class='ocrx_word' id='word_1_260' title='bbox 831 3893 977 3958; x_wconf 88' lang='lat' dir='ltr'>universi</span> <span class='ocrx_word' id='word_1_261' title='bbox 1010 3894 1198 3959; x_wconf 86' lang='lat' dir='ltr'>vincuntur.</span> <span class='ocrx_word' id='word_1_262' title='bbox 1236 3920 1261 3960; x_wconf 67' lang='grc' dir='ltr'>ιε</span> 
     </span>
    </p>
   </div>
   <div class='ocr_carea' id='block_1_3' title="bbox 0 0 1403 4320">
    <p class='ocr_par' dir='ltr' id='par_1_6' title="bbox 0 0 1403 4320">
     <span class='ocr_line' id='line_1_37' title="bbox 0 0 1403 4320; baseline 0 0"><span class='ocrx_word' id='word_1_263' title='bbox 0 0 1403 4320; x_wconf 95' lang='lat' dir='ltr'> </span> 
     </span>
    </p>
   </div>
  </div>
 </body>
</html>
