2780 4320
217 227 259 289 26
541 224 571 286 T
566 224 606 288 lte
628 224 706 306 Life
728 224 769 304 of
783 223 947 306 Agricola.

216 429 325 492 neque
344 407 435 472 inani
458 407 640 489 jactatione
664 407 828 470 libertatis
851 403 974 470 famam
997 404 1172 489 fatumque
1196 427 1269 490 pro-

215 513 365 576 vocabat.
414 512 539 587 Sciant,
557 511 677 592 quibus
702 512 802 574 moris
824 521 876 573 est
897 510 1011 574 illicita
1027 511 1148 587 mirari,
1166 531 1268 592 posse

216 616 317 679 etiarn
333 617 395 679 sub
412 615 507 678 malis
524 615 730 696 principibus
750 635 889 696 magnos
905 614 994 676 viros
1011 635 1095 690 esse,
1113 614 1268 696 obsequi-

216 740 339 802 umque
362 740 400 782 ac
424 717 631 794 modestiam,
657 718 685 780 si
709 717 873 780 industria
896 738 934 781 ac
958 717 1053 799 vigor
1079 717 1202 794 adsint,
1228 737 1268 780 eo

217 823 323 886 laudis
339 823 509 898 excedere,
523 841 589 903 quo
605 821 755 903 plerique
771 840 831 901 per
846 821 996 901 abrupta,
1011 821 1070 883 sed
1086 820 1120 882 in
1138 820 1268 883 nullum

169 958 171 962 ·
217 925 418 1008 reipublicae
435 946 541 1001 usum,
559 924 735 987 ambitiosa
751 933 859 988 morte
877 923 1113 988 inclaruerunt.
1294 1005 1297 1014 .

260 1047 355 1094 xurn.
390 1029 484 1118 Finis
501 1029 590 1091 vitae
606 1027 680 1110 ejus
696 1027 793 1090 nobis
810 1028 992 1103 luctuosus
1010 1027 1126 1090 amicis
1147 1027 1267 1103 tristis,

217 1133 383 1198 extraneis
407 1133 509 1196 etiam
533 1131 723 1214 ignotisque
745 1151 812 1193 non
830 1131 903 1194 sinc
919 1151 998 1194 cura
1013 1128 1086 1194 fuit.
1133 1130 1268 1212 Vulgus

217 1257 348 1319 quoque
373 1247 406 1300 et
432 1237 486 1300 hic
512 1236 601 1299 aliud
628 1255 732 1317 agens
759 1234 902 1316 populus
929 1244 963 1298 et
988 1234 1200 1298 ventitavere
1227 1235 1269 1296 ad

217 1342 352 1403 domurn
378 1350 411 1403 et
440 1360 499 1421 per
523 1337 595 1402 fora
617 1349 650 1402 et
675 1337 816 1402 circulos
840 1337 944 1402 locuti
968 1347 1068 1403 sunt:
1095 1358 1158 1401 nec
1182 1337 1271 1419 quis-

217 1465 315 1526 quam
329 1443 442 1507 audita
458 1453 565 1506 morte
577 1441 758 1524 Agricolae
774 1451 831 1504 aut
848 1441 991 1504 laetatus
1008 1451 1060 1504 est
1077 1451 1134 1504 aut
1152 1441 1269 1503 statim

176 1607 182 1620 ,
217 1548 349 1612 oblitus,
389 1547 549 1628 Augebat
566 1545 814 1609 miserationem
831 1555 990 1608 constans
1007 1565 1120 1607 rumor
1135 1565 1269 1608 veneno

218 1651 467 1731 interceptum3
505 1649 601 1714 nobis
635 1648 718 1711 nihil
753 1649 917 1730 comperti
950 1648 1115 1712 affirmare
1150 1649 1267 1712 ausim.
1345 1677 1350 1690 ·

219 1735 378 1818 Ceterum
402 1773 616 1834 peromnem
639 1751 866 1815 valetudinem
890 1751 974 1833 ejus,
994 1752 1143 1815 crebrius
1168 1772 1268 1833 quam

218 1877 259 1921 ex
275 1877 366 1920 more
383 1856 588 1938 principatus
610 1876 670 1937 per
690 1855 828 1918 nuntios
844 1855 994 1932 visentis,
1012 1865 1046 1918 et
1071 1855 1268 1918 libertorum

218 1960 315 2042 primi
339 1969 372 2022 et
397 1959 601 2022 medicorum
625 1958 733 2021 intimi
750 1979 893 2035 venere;
916 1959 987 2021 sive
1003 1979 1082 2022 cura
1099 1958 1179 2021 illud
1197 1959 1269 2022 sive

219 2062 390 2145 inquisitio
407 2072 485 2126 erat.
528 2061 691 2143 Supremo
704 2062 838 2143 quidem
854 2062 909 2125 die
926 2071 1096 2125 momenta
1109 2062 1181 2145 ipsa
1193 2063 1272 2125 defi-

219 2166 339 2230 cientis
356 2185 416 2248 per
430 2164 611 2246 dispositos
627 2185 780 2228 cursores
796 2165 951 2228 nuntiata
972 2166 1158 2242 constabat,
1177 2165 1269 2229 nullo

221 2269 379 2334 credente
403 2267 450 2332 sic
474 2267 652 2332 accelerari
676 2288 761 2350 quae
784 2268 892 2332 tristis
917 2268 1055 2333 audiret.
1114 2268 1270 2351 Speciem
1365 2343 1366 2346 Ἴ

221 2383 334 2436 tamen
350 2371 473 2434 doloris
489 2371 599 2434 animo
615 2371 777 2453 vultuque
793 2393 872 2453 prae
889 2392 925 2436 se
941 2373 1029 2450 tulit,
1047 2393 1185 2437 securus
1202 2373 1271 2455 jam

221 2475 297 2552 odii,
315 2485 349 2538 et
365 2475 421 2557 qui
436 2473 566 2538 facilius
586 2475 809 2538 dissimularet
829 2476 987 2558 gaudium
1010 2497 1109 2558 quam
1131 2488 1269 2542 metum.

223 2579 312 2643 Satis
336 2579 521 2655 constabat,
539 2578 626 2641 lecto
650 2588 855 2643 testamento
876 2580 1068 2662 Agricolae,
1086 2601 1151 2662 quo
1176 2582 1273 2644 cohe-

222 2683 334 2746 redem
365 2682 510 2763 optimae
542 2682 634 2744 uxori
657 2691 691 2745 et
719 2682 887 2763 piissimae
918 2684 1006 2747 filiae
1038 2683 1271 2747 Domitianum

223 2784 365 2866 scripsit,
393 2784 553 2848 laetatum
581 2806 657 2849 eum
684 2786 776 2848 velut
803 2787 930 2850 honore
956 2787 1169 2870 judicioque3
1201 2797 1271 2851 tarn

167 2924 170 2929 ν
222 2909 321 2953 caeca
343 2898 377 2951 et
401 2899 558 2970 corrupta
580 2909 675 2952 mens
699 2889 842 2953 assiduis
866 2891 1113 2954 adulationibus
1134 2901 1216 2967 erat,
1235 2902 1271 2954 ut

222 2992 367 3056 nesciret
392 3012 411 3054 a
433 2991 521 3055 bono
544 3002 639 3073 patre
663 3013 729 3055 non
754 2993 854 3056 scribi
878 2994 1035 3057 heredem
1058 2994 1123 3058 nisi
1147 2994 1271 3058 malurn
1364 2997 1365 3008 ¹

222 3095 414 3178 principem.

266 3218 357 3263 xciv.
399 3200 508 3263 Natus
542 3211 613 3263 erat
645 3199 805 3282 Agricola
837 3198 920 3262 Gaio
953 3199 1097 3294 Caesare
1132 3201 1271 3264 tertium

222 3302 359 3366 consule
388 3304 504 3367 ldibus
530 3303 649 3384 Juniis,
675 3303 818 3367 excessit
843 3313 960 3385 quarto
988 3312 1022 3366 et
1050 3303 1272 3385 quinquages-

223 3408 289 3469 imo
312 3427 409 3483 anno,
430 3407 560 3470 decimo
585 3408 755 3470 Kalendas
781 3407 999 3488 Septembris,
1025 3406 1164 3489 Collega
1188 3407 1272 3469 Pris-

222 3529 327 3592 coque
344 3510 545 3574 consulibus
581 3511 680 3592 Quod
697 3510 725 3573 si
740 3510 889 3573 habitum
907 3530 1038 3593 quoque
1054 3510 1128 3591 ejus
1145 3510 1271 3592 posteri

181 3676 187 3691 ,
222 3633 361 3677 noscere
391 3614 506 3688 velint,
534 3614 707 3677 decentior
737 3634 834 3696 quam
867 3613 1040 3676 sublimior
1066 3611 1152 3689 fuit3
1187 3612 1270 3675 nihil
1363 3679 1364 3692 ,

221 3727 333 3779 metus
357 3726 390 3778 et
415 3716 560 3796 impetus
585 3716 618 3778 in
634 3715 738 3792 vultu,
759 3716 866 3798 gratia
889 3717 955 3778 oris
980 3724 1161 3797 supererat.
1211 3715 1272 3777 Bo-

138 3867 146 3888 ,
223 3839 302 3880 num
319 3818 427 3879 virum
451 3815 548 3900 facile
572 3819 736 3894 crederes,
754 3839 910 3899 magnum
936 3819 1087 3882 libenter.
1137 3819 1182 3880 Et
1200 3818 1271 3899 ipse

163 3940 188 3981 as
224 3919 367 4001 quidem,
396 3937 594 3998 quamquam
623 3919 731 3983 medio
762 3919 796 3981 in
827 3919 935 4000 spatio
968 3920 1119 4001 integrae
1150 3921 1271 3984 aetatis
