2780 4320
379 165 382 172 ’
438 173 508 236 His
531 172 659 255 System
681 173 723 255 os
740 171 964 237 Govemment.
1189 187 1227 252 13

175 361 298 426 famam
316 362 389 444 paci
407 361 635 436 circumdedit,
653 381 738 444 quae
753 361 806 424 vel
826 361 953 424 incuria
974 359 1027 424 vel
1051 359 1229 425 intoleran-

176 469 223 530 tia
239 468 386 550 priorum
403 467 492 529 haud
509 467 619 529 minus
642 487 741 548 quarn
764 465 888 529 bellum
912 465 1099 528 timebatur.
1148 464 1226 540 Sed,

176 572 233 636 ubi
249 581 360 635 aestas
376 571 521 644 advenit,
539 580 711 634 contracto
728 570 876 633 exercitu
892 569 1016 633 multus
1033 568 1066 631 in
1083 569 1225 651 agmine,

175 677 311 740 laudare
332 675 539 749 modestiam,
558 675 718 756 disjectos
734 693 909 738 coercere:
932 673 1006 737 loca
1021 674 1139 737 castris
1155 673 1227 754 ipse

176 801 305 862 capere,
330 779 496 843 aestuaria
517 799 556 843 ac
584 779 683 842 silvas
714 777 786 859 ipse
816 786 1049 859 praetentare;
1079 787 1113 840 et
1144 777 1226 840 nihil
1273 805 1286 846 s

176 883 310 947 interim
333 884 419 965 apud
447 884 563 946 hostes
590 882 739 965 quietum
769 881 848 963 pati,
873 901 938 963 quo
966 881 1076 944 minus
1107 881 1226 945 subitis

176 988 371 1051 excursibus
391 987 624 1068 popularetur;
647 996 756 1068 atque,
782 985 839 1048 ubi
862 985 943 1048 satis
966 993 1139 1058 terruerat,
1157 1005 1228 1066 par-

176 1093 284 1155 cendo
300 1111 414 1154 rursus
427 1091 635 1153 irritamenta
649 1089 740 1170 pacis
753 1098 932 1153 ostentare.
981 1089 1112 1170 Quibus
1125 1088 1226 1152 rebus

175 1197 301 1258 multae
318 1195 480 1270 civitates,
498 1214 583 1276 quae
599 1194 633 1255 in
655 1193 746 1255 illum
770 1193 858 1255 diem
883 1212 923 1255 ex
946 1212 1052 1274 aequo
1076 1201 1224 1273 egerant,

176 1300 263 1363 datis
287 1298 467 1373 obsidibus
486 1298 567 1360 iram
591 1317 740 1378 posuere,
759 1307 793 1361 et
816 1295 989 1378 praesidiis
1013 1295 1227 1378 castellisque
1260 1327 1288 1360 ιο

173 1407 410 1482 circumdatae,
435 1414 530 1467 tanta
556 1404 685 1467 ratione
710 1422 854 1485 curaque
878 1412 914 1466 ut
942 1404 1034 1470 nulla
1058 1419 1138 1474 ante
1158 1407 1229 1472 Bri.

143 1519 145 1522 ’
173 1517 309 1578 tanniae
327 1535 413 1577 nova
427 1535 503 1596 pars
513 1515 646 1595 pariter
660 1513 839 1575 illacessita
854 1514 1034 1580 transierit.

216 1637 286 1682 xxr.
321 1619 474 1701 Sequens
491 1619 599 1682 hiems
616 1617 842 1682 saluberrimis
862 1620 1010 1684 consiliis
1033 1620 1218 1702 absumpta

174 1723 336 1804 Namque,
369 1732 405 1785 ut
436 1723 590 1785 homines
620 1721 762 1803 dispersi
792 1742 830 1785 ac
861 1723 961 1785 rudes
995 1743 1101 1804 eoque
1133 1724 1220 1787 bello

170 1824 287 1890 faciles
314 1827 417 1909 quieti
441 1837 475 1890 et
499 1827 567 1889 otio
591 1847 650 1908 per
672 1828 862 1908 voluptates
885 1837 1127 1903 assuescerent,
1149 1828 1223 1891 hor·
1256 1862 1280 1902 ις

172 1932 234 1994 tari
251 1932 413 2013 privatim,
438 1931 596 2012 adjuvare
619 1931 761 2013 publice,
786 1941 823 1994 ut
847 1931 971 2012 templa
1003 1929 1077 1994 fora
1103 1932 1220 1995 domos

172 2045 392 2109 exstruerent,
417 2035 582 2098 laudando
605 2044 778 2116 promptos
802 2045 836 2098 et
860 2035 1054 2116 castigando
1087 2055 1217 2117 segnes.

173 2140 226 2203 Ita
246 2140 382 2203 honoris
405 2139 584 2202 aemulatio
607 2159 667 2220 pro
690 2139 893 2202 necessitate
916 2148 995 2204 erat.
1043 2138 1117 2219 Jam
1140 2160 1220 2204 vero

172 2243 358 2324 principum
381 2243 467 2306 filios
489 2242 682 2306 liberalibus
705 2243 832 2306 artibus
856 2243 995 2316 erudire,
1021 2253 1055 2306 et
1086 2243 1222 2325 ingenia

173 2347 409 2410 Britannorum
433 2346 552 2410 studiis
577 2344 748 2408 Gallorum
771 2343 948 2422 anteferre,
971 2356 1016 2421 ut,
1042 2346 1097 2429 qui
1121 2348 1220 2411 modo
1255 2378 1281 2406 ω

148 2430 151 2444 ’
171 2450 318 2532 linguam
336 2451 523 2513 Romanam
540 2450 742 2525 abnuebant,
760 2449 985 2531 eloquentiam
1009 2451 1221 2531 concupisce-

172 2563 255 2617 rent.
304 2555 387 2617 Inde
404 2555 504 2618 etiam
520 2553 654 2617 habitus
667 2553 773 2616 nostri
786 2554 895 2616 honor
910 2562 943 2617 et
959 2550 1117 2636 frequens
1131 2564 1218 2637 toga,

172 2658 395 2740 paulatimque
416 2658 601 2721 discessum
625 2658 667 2720 ad
690 2657 917 2720 delenimenta
939 2657 1104 2732 vitiorum,
1122 2660 1221 2739 porti-

172 2781 231 2823 cus
254 2771 288 2824 et
311 2762 430 2824 balnea
452 2771 487 2824 et
510 2760 738 2823 conviviorum
762 2761 983 2842 elegantiam;
1010 2761 1109 2844 idque
1132 2764 1220 2844 apud

172 2864 343 2946 imperitos
378 2865 567 2928 humanitas
602 2865 793 2942 vocabatur,
825 2865 902 2929 c’um
937 2885 1013 2948 pars
1049 2866 1220 2930 servitutis
1255 2889 1280 2930 es

172 2978 270 3032 esset.

215 3090 299 3136 xxrr.
331 3072 467 3136 Tertius
483 3073 732 3155 expeditionum
749 3093 858 3138 annus
874 3095 978 3138 novas
994 3084 1114 3157 gentes
1130 3096 1221 3157 aper-

172 3175 228 3248 uit,
253 3176 392 3239 vastatis
416 3197 521 3259 usque
548 3179 589 3240 ad
617 3179 770 3242 Tanaum
797 3179 974 3259 (aestuario
1002 3199 1124 3242 nornen
1153 3182 1217 3261 est)

172 3279 370 3344 nationibus.
398 3280 474 3361 Qua
489 3278 667 3346 formidine
683 3284 790 3347 territi
803 3284 919 3346 hostes
932 3303 1129 3365 quamquam
1144 3303 1221 3347 con-

111 3413 116 3424 ·
171 3382 332 3446 dictatum
352 3384 459 3448 saevis
482 3389 739 3468 tempestatibus
759 3388 941 3452 exercitum
964 3387 1129 3451 lacessere
1151 3409 1219 3451 non
1255 3411 1280 3450 ³0

170 3487 261 3561 ausi;
283 3489 515 3572 ponendisque
531 3492 669 3573 insuper
691 3491 838 3556 castellis
862 3492 1006 3573 spatium
1029 3489 1101 3556 fuit.
1149 3491 1220 3554 An-

170 3591 332 3653 notabant
349 3593 446 3673 periti
460 3615 526 3657 non
540 3595 640 3658 alium
653 3596 772 3659 ducem
786 3597 1054 3677 opportunitates
1070 3596 1219 3659 locorum

169 3694 354 3773 sapientius
379 3697 510 3779 legisse.
559 3699 697 3762 Nullum
721 3701 762 3764 ab
787 3699 949 3781 Agricola
975 3698 1120 3780 positum
1152 3719 1220 3762 cas-

169 3798 285 3861 tellum
302 3811 358 3864 aut
375 3802 407 3863 vi
423 3803 570 3865 hostium
587 3814 813 3885 expugnatum
830 3813 887 3866 aut
903 3803 1060 3884 pactione
1081 3823 1119 3865 ac
1140 3799 1220 3883 fuga

168 3902 360 3982 desertum;
389 3906 526 3969 ¹crebrae
557 3905 750 3988 eruptiones
763 3927 772 3984 ;
809 3924 887 3968 nam
917 3905 1078 3967 adversus
1108 3921 1218 3965 moras
1252 3923 1278 3976 as
1354 3911 1358 3922 ’
