2780 4320
201 277 243 340 28
525 277 691 360 Tverzfl
712 280 929 364 magram

201 458 279 522 data
294 477 469 540 vocesque,
487 479 568 540 quas
592 461 726 542 penitus
750 463 861 527 animo
885 464 1074 545 figeremus.
1123 464 1252 528 Noster

202 565 256 628 hic
275 560 377 638 dolor,
395 573 546 625 nostrum
563 563 704 641 vulnus;
727 566 824 628 nobis
840 575 908 628 tam
933 567 1053 648 longae
1077 567 1252 630 absentiae

202 667 398 732 condicione
414 675 492 729 ante
510 667 763 748 quadriennium
780 670 923 732 amissus
940 680 1001 734 est.
1038 669 1162 734 Omnia
1178 671 1251 734 sine

202 773 311 848 dubio,
329 770 455 852 optime
479 779 665 850 parentum,
690 772 861 836 assidente
885 773 1116 836 amantissima
1138 793 1250 850 uxore,

144 899 156 940 s
203 872 396 958 superfuere
411 872 529 938 honori
546 881 624 951 tuo,
645 874 857 955 paucioribus
874 885 988 939 tamen
1005 876 1149 940 lacrimis
1166 897 1253 940 com-

202 979 350 1060 ploratus
375 998 420 1054 eS,
447 987 481 1042 et
507 975 689 1040 novissima
714 977 748 1040 in
775 978 848 1042 luce
872 979 1104 1043 desideravere
1127 979 1251 1062 aliquid

202 1083 289 1147 oculi
308 1082 366 1146 tui.
413 1099 505 1146 xavr,
539 1079 576 1144 Si
599 1080 672 1162 quis
698 1081 827 1163 piorum
851 1083 1005 1147 manibus
1029 1083 1130 1160 locuS,
1152 1083 1189 1160 si,
1213 1092 1250 1146 ut

203 1186 409 1268 sapientibus
421 1185 539 1267 placet,
554 1205 621 1248 non
639 1206 715 1248 cum
734 1206 871 1268 corpore
887 1186 1147 1269 exstinguuntur
1162 1207 1252 1268 mag-

203 1311 265 1354 nae
288 1290 427 1366 animae,
452 1289 580 1371 placide
607 1289 769 1370 quiescas,
789 1310 917 1371 nosque
940 1291 1074 1353 domum
1096 1300 1188 1354 tuam
1210 1291 1252 1352 ab

145 1419 171 1447 ιο
204 1395 334 1456 infirmo
353 1392 529 1460 „desiderio
557 1402 591 1456 et
619 1392 837 1476 muliebribus
862 1393 1017 1457 lamentis
1041 1395 1082 1457 ad
1106 1403 1253 1457 contem·

203 1499 383 1581 plationem
411 1497 573 1560 virtutum
604 1506 737 1560 tuarum
764 1518 874 1574 voces
901 1518 982 1580 quas
1010 1518 1118 1581 neque
1145 1497 1253 1580 lugeri

202 1622 311 1684 neque
342 1601 454 1683 plangi
485 1598 536 1664 ias
567 1611 628 1665 est.
676 1601 912 1665 Admiratione
938 1611 973 1664 te
1001 1601 1122 1683 potius,
1153 1621 1252 1683 quam

203 1705 442 1786 temporalibus
466 1704 628 1780 laudibus
654 1713 698 1781 et,
724 1704 753 1767 si
776 1713 895 1768 natura
919 1704 1120 1785 suppeditet,
1143 1724 1254 1767 aemu-

164 1875 166 1880 ,
203 1809 328 1872 latione
352 1797 556 1872 decoremus.
606 1809 639 1870 Is
662 1824 762 1871 verus
786 1808 903 1884 hon0S,
921 1827 960 1870 ea
983 1806 1254 1894 conjunctissimi

145 1936 169 1974 ιε
204 1912 366 1994 cujusque
391 1912 507 1992 pietas.
557 1912 595 1974 Id
622 1911 708 1974 filiae
734 1931 865 1993 quoque
890 1911 1050 1992 uxorique
1078 1931 1255 1992 praecepe-

203 2017 275 2092 rim,
294 2015 345 2097 sic
358 2015 471 2096 patriS,
490 2015 538 2078 sic
555 2015 665 2078 mariti
689 2015 883 2078 memoriam
900 2014 1062 2091 venerari,
1079 2024 1116 2076 ut
1141 2014 1256 2077 omnia

203 2117 293 2184 facta
323 2119 477 2200 dictaque
508 2118 581 2200 ejus
617 2138 730 2182 secum
762 2119 944 2194 revolvant,
976 2115 1184 2199 formamque
1215 2138 1281 2184 ac.

204 2224 344 2305 figuram
360 2222 462 2285 animi
479 2221 585 2304 magis
602 2242 700 2304 quam
715 2222 862 2303 corporis
879 2221 1165 2303 complectantur;
1186 2241 1255 2282 non

204 2327 281 2410 quia
305 2326 581 2390 intercedendum
607 2336 722 2407 putem
748 2325 959 2408 imaginibus,
982 2345 1066 2407 quae
1089 2344 1255 2387 marmore

146 2453 172 2484 ω
204 2440 261 2494 aut
285 2449 361 2493 aere
384 2430 577 2511 finguntur;
603 2430 661 2492 sed
685 2438 723 2491 ut
741 2429 855 2492 vultus
879 2429 1060 2504 hominum,
1083 2427 1133 2506 ita
1157 2427 1257 2490 simu-

205 2534 292 2598 lacra
314 2533 426 2596 vultus
452 2532 618 2596 imbecilla
644 2553 682 2596 ac
709 2532 862 2595 mortalia
887 2542 974 2608 sunt,
999 2529 1105 2594 forma
1129 2531 1255 2594 mentis

204 2646 349 2713 aeterna,
378 2657 476 2718 quarn
503 2646 619 2699 tenere
649 2644 682 2698 et
712 2635 897 2716 exprimere
927 2655 995 2697 non
1022 2654 1082 2716 per
1111 2633 1254 2696 alienam

205 2740 377 2804 materiam
394 2750 427 2803 et
443 2750 559 2815 artem,
579 2740 638 2803 sed
655 2739 723 2801 tuis
741 2738 812 2820 ipse
828 2739 976 2800 moribus
993 2737 1109 2819 possis.
1155 2737 1256 2818 Quic-

206 2843 284 2926 quid
315 2863 355 2906 ex
385 2842 545 2924 Agricola
577 2842 771 2918 amavimus,
804 2841 960 2923 quiequid
990 2839 1101 2927 mirati
1128 2860 1255 2915 sumuS,

147 2971 172 3012 τε
206 2955 318 3011 manet
342 2966 600 3028 mansurumque
627 2955 679 3010 est
706 2945 739 3007 in
763 2944 883 3007 animis
903 2943 1084 3019 hominum,
1102 2942 1136 3005 in
1152 2952 1260 3005 aeter·

206 3051 313 3115 nitate
336 3059 533 3130 temporum,
559 3048 648 3113 fama
673 3069 792 3113 rerum.
841 3048 928 3110 Nam
953 3046 1076 3109 multos
1092 3055 1256 3122 veterum,

205 3154 298 3217 velut
325 3139 493 3236 inglorios
523 3164 557 3218 et
585 3152 759 3236 ignobiles,
791 3151 912 3215 oblivio
939 3149 1069 3227 obruit;
1095 3148 1259 3230 Agricola
1340 3231 1343 3242 Ι

194 3241 397 3342 ¹posteritati
414 3266 566 3322 narratus
584 3265 617 3321 et
635 3255 778 3319 traditus
796 3263 967 3336 superstes
984 3251 1057 3316 erit.
