2780 4320
173 202 216 264 24
497 182 527 244 T
522 182 562 246 lte
584 181 662 264 Life
684 182 724 263 os
738 179 901 263 Agricola.

172 378 355 449 utcumque
370 363 500 430 facilius
524 363 734 440 dissimulari,
753 363 847 426 ducis
870 362 949 427 boni
974 362 1224 445 imperatoriam

171 472 331 533 virtutem
348 490 432 534 esse.
477 467 615 531 Talibus
633 467 720 530 curis
738 467 913 543 exercitus,
931 468 1087 552 quodque
1104 489 1225 532 saevae

172 573 386 656 cogitationis
414 571 572 635 indicium
600 580 681 646 erat,
711 580 840 633 secreto
869 590 929 632 suo
961 571 1112 648 satiatus,
1141 573 1226 652 opti-

172 698 263 740 mum
280 677 314 738 in
330 675 520 758 praesentia
536 673 654 737 statuit
672 693 833 754 reponere
850 673 972 750 odium,
990 675 1097 737 donec
1122 674 1226 755 impe-

172 790 228 843 tus
248 777 356 843 famae
377 788 412 842 et
433 775 527 841 favor
547 776 714 841 exercitus
735 776 989 858 languesceret;
1012 797 1088 840 nam
1109 778 1226 840 etiam-

172 893 244 946 tum
261 882 421 965 Agricola
438 881 646 943 Britanniam
663 879 845 944 obtinebat.

216 1005 270 1051 xL.
304 986 412 1068 Igitur
427 983 642 1067 triumphalia
658 993 855 1046 ornamenta
871 993 905 1046 et
927 982 1066 1047 illustris
1091 994 1224 1049 statuae

173 1090 332 1153 honorem
348 1099 382 1152 et
402 1087 558 1170 quicquid
578 1107 637 1168 pro
661 1086 831 1167 triumpho
855 1086 961 1164 datur,
980 1088 1085 1150 multo
1109 1089 1224 1150 verbo-

172 1214 245 1256 rum
267 1193 393 1255 honore
412 1191 589 1266 cumulata,
607 1189 742 1252 decerni
762 1189 796 1252 in
816 1201 935 1254 senatu
954 1191 1058 1272 jubet,
1079 1192 1223 1272 addique

115 1326 140 1354 ιο
173 1297 309 1377 insuper
335 1295 536 1377 opinionem,
562 1293 692 1379 Syriam
716 1293 922 1374 provinciam
946 1294 1127 1376 Agricolae
1150 1297 1224 1358 des-

173 1399 282 1475 tinari,
313 1419 451 1462 vacuam
483 1408 554 1460 tum
586 1406 695 1460 morte
725 1395 826 1459 Atilii
858 1398 935 1459 Rufi
972 1397 1155 1460 consularis
1187 1409 1221 1461 et

173 1502 354 1584 majoribus
378 1510 590 1565 reservatam.
638 1499 819 1583 Credidere
836 1501 986 1582 plerique
1007 1501 1163 1564 libertum
1181 1522 1223 1564 ex

174 1605 408 1669 secretioribus
432 1603 630 1667 ministeriis
654 1603 793 1666 missum
813 1604 855 1666 ad
871 1603 1066 1685 Agricolam
1091 1604 1223 1667 codicil-

174 1709 232 1784 los,
251 1708 370 1790 quibus
394 1708 424 1770 ei
449 1707 546 1792 Syria
569 1707 718 1782 dabatur,
737 1706 856 1770 tulisse
875 1727 950 1770 cum
974 1717 1153 1788 praecepto
1173 1717 1221 1784 ut,

116 1843 139 1879 ις
174 1811 202 1874 si
225 1811 259 1873 in
284 1811 457 1873 Britannia
479 1807 576 1887 foret,
594 1811 807 1873 traderentur
819 1831 826 1886 ;
851 1831 993 1892 eumque
1010 1811 1166 1874 libertum
1187 1811 1221 1873 in

174 1915 246 1995 ipso
268 1911 355 1977 freto
380 1914 507 1977 Oceani
524 1913 658 1977 obvium
682 1913 872 1994 Agricolae,
898 1934 940 1976 ne
964 1914 1130 1995 appellato
1154 1916 1224 1996 qui·

173 2019 249 2081 dem
274 2038 323 2094 e0,
345 2018 386 2080 ad
415 2017 646 2080 Domitianum
671 2037 858 2082 remeasse:
887 2018 957 2081 sive
980 2038 1095 2081 verum
1119 2019 1221 2094 istud,

173 2120 243 2184 sive
271 2141 310 2183 ex
337 2120 473 2202 ingenio
500 2120 660 2202 principis
687 2121 803 2184 fictum
834 2141 872 2184 ac
904 2121 1125 2203 compositum
1157 2133 1221 2187 est.

172 2224 369 2287 Tradiderat
387 2223 521 2286 interim
537 2222 699 2305 Agricola
720 2224 906 2287 successori
931 2245 990 2289 suo
1014 2226 1221 2306 provinciam

115 2360 140 2387 ω
172 2327 318 2409 quietam
335 2336 518 2408 tutamque.
565 2326 619 2390 Ac
643 2347 685 2389 ne
708 2327 865 2390 notabilis
883 2327 1078 2393 celebritate
1102 2340 1135 2394 et
1159 2329 1224 2394 ire-

172 2431 309 2512 quentia
332 2429 579 2494 occurrentium
603 2430 761 2493 introitus
786 2442 886 2508 esset,
908 2432 1015 2496 vitato
1038 2433 1221 2497 amicorum

172 2533 290 2610 officio,
308 2543 410 2598 noctu
431 2534 466 2596 in
483 2534 609 2608 urbem,
627 2544 729 2596 noctu
754 2535 787 2596 in
812 2535 980 2615 palatium,
1000 2536 1047 2600 ita
1070 2546 1106 2600 ut
1130 2559 1223 2619 prae-

172 2647 306 2717 ceptum
328 2647 409 2714 erat,
425 2637 539 2713 venit3
563 2647 790 2718 exceptusque
814 2638 907 2701 brevi
931 2640 1045 2702 osculo
1070 2649 1103 2703 et
1128 2641 1220 2704 nullo

173 2759 326 2802 sermone
342 2741 459 2804 turbae
476 2739 694 2803 servientium
712 2741 878 2804 immistus
896 2751 956 2806 est.
996 2743 1165 2819 Ceterum,
1183 2754 1221 2807 ut

114 2875 137 2912 25
172 2841 315 2905 militare
331 2862 462 2919 nomen,
481 2863 581 2924 grave
597 2843 687 2906 inter
703 2843 838 2920 otiosos
852 2845 925 2907 aliis
941 2844 1123 2909 virtutibus
1140 2856 1223 2919 tem-

171 2954 312 3025 peraret,
327 2945 604 3026 tranquillitatem
621 2955 722 3027 atque
738 2947 843 3009 otium
861 2948 995 3028 penitus
1012 2949 1113 3024 auxit,
1127 2950 1221 3012 cultu

171 3048 321 3111 modicus
341 3068 494 3110 sermone
510 3046 628 3125 facilis,
646 3069 712 3111 uno
728 3059 784 3112 aut
802 3050 907 3114 altero
924 3052 1104 3115 amicorum
1122 3053 1222 3116 comi-

171 3159 271 3226 tatus,
292 3150 374 3213 adeo
394 3159 430 3212 ut
452 3149 601 3233 plerique
625 3150 745 3232 quibus
769 3172 908 3234 magnos
924 3153 1013 3216 viros
1037 3174 1097 3234 per
1119 3155 1222 3217 ambi-

171 3252 298 3316 tionem
325 3253 502 3316 aestimare
529 3274 602 3316 mos
630 3262 692 3340 est,
719 3253 791 3317 viso
820 3266 1022 3338 aspectoque
1047 3256 1218 3339 Agricola,

112 3390 138 3428 30
171 3367 369 3438 quaererent
392 3353 524 3434 famam,
548 3356 645 3438 pauci
669 3357 978 3438 interpretarentur.

213 3479 282 3524 xm.
317 3459 443 3522 Crebro
467 3480 526 3541 per
549 3480 606 3523 eos
630 3460 702 3523 dies
729 3462 817 3541 apud
841 3462 1072 3526 Domitianum
1096 3465 1219 3527 absens

170 3573 356 3640 accusatus,
384 3564 506 3626 absens
537 3563 710 3627 absolutus
738 3573 800 3628 est.
848 3565 958 3629 Causa
985 3567 1123 3648 periculi
1151 3587 1216 3632 non

171 3667 296 3732 crimen
313 3667 417 3730 ullum
434 3676 490 3729 aut
508 3666 655 3747 querella
671 3666 752 3729 laesi
770 3666 975 3750 cujusquam,
990 3670 1049 3732 sed
1066 3667 1218 3734 infensus

169 3770 350 3832 virtutibus
368 3768 523 3849 princeps
540 3777 574 3830 et
597 3768 703 3849 gloria
718 3769 780 3831 viri
802 3791 840 3832 ac
864 3771 1047 3850 pessimum
1072 3773 1220 3836 inimico-

113 3899 137 3937 ιε
171 3892 243 3935 rum
259 3890 376 3955 genus,
394 3869 576 3934 laudantes.
609 3871 670 3932 ·Et
687 3890 727 3933 ea
742 3871 895 3936 insecuta
915 3884 994 3937 sunt
1016 3875 1219 3957 reipublicae
