2780 4320
213 943 373 1034 run*
399 887 550 1034 Lino
594 941 682 1035 oF
725 939 1090 1036 AGRICOLA.

582 1205 720 1234 -—000—

171 1423 191 1468 1.
226 1403 428 1467 Carnorum
454 1401 600 1466 virorum
627 1399 716 1465 facta
740 1421 917 1484 moresque
943 1401 1087 1484 posteris
1114 1410 1176 1466 tra·

126 1508 214 1580 dere,
232 1507 415 1589 antiquitus
432 1506 601 1580 usitatum,
619 1525 663 1569 ne
679 1505 803 1569 nostris
819 1506 953 1588 quidem
970 1505 1186 1598 temporibus,

126 1631 325 1704 quamquam
364 1610 531 1674 incuriosa
541 1659 548 1684 2
568 1629 720 1712 suorum)
738 1619 830 1699 aetas
864 1609 985 1685 omisit,
1021 1609 1175 1691 quotiens

126 1735 249 1796 magna
263 1705 377 1796 ‘aliqua
397 1735 435 1777 ac
457 1713 578 1776 nobilis
600 1712 704 1776 virtus
726 1712 806 1776 vicit
827 1733 866 1776 ac
888 1732 1104 1794 supergressa
1124 1721 1176 1776 est

125 1819 244 1880 vitium
265 1818 375 1898 parvis
395 1817 592 1900 magnisque
609 1816 799 1880 civitatibus
819 1837 1006 1893 commune,
1025 1816 1177 1898 ignoran-
1223 1844 1235 1884 s

27 1920 30 1927 '
98 1982 100 1986 ,
126 1922 207 1984 tiam
224 1921 307 1984 recti
323 1931 357 1984 et
373 1921 539 1986 invidiam.
579 1920 647 1984 Sed
663 1922 751 2002 apud
768 1921 894 2002 priores
911 1930 948 1983 ut
964 1941 1063 2002 agere
1076 1921 1177 2003 digna

77 2024 83 2031 ’
127 2033 313 2088 memoratu
329 2045 471 2106 pronum
490 2024 663 2106 magisque
683 2024 716 2086 in
736 2035 852 2105 aperto
871 2034 951 2100 erat,
969 2025 1015 2087 ita
1034 2024 1177 2088 celeber-

127 2129 230 2190 rimus
247 2128 386 2210 quisque
402 2128 538 2210 ingenio
555 2129 596 2191 ad
608 2129 814 2209 prodendam
827 2128 959 2190 virtutis
972 2128 1174 2204 memoriam,

128 2231 201 2294 sine
228 2232 335 2314 gratia
360 2242 418 2295 aut
443 2231 634 2307 ambitione,
660 2232 768 2294 bonae
794 2241 925 2294 tantum
950 2231 1177 2314 conscientiae

127 2336 235 2418 pretio
251 2336 443 2400 ducebatur.
491 2335 545 2399 Ac
562 2335 712 2418 plerique
729 2356 822 2398 suam
841 2335 904 2417 ipsi
920 2335 1021 2399 vitam
1043 2357 1177 2400 narrare
1212 2369 1236 2400 ιο

128 2438 283 2501 fiduciam
295 2439 407 2520 potius
420 2460 549 2502 morum
574 2461 672 2521 quam
685 2433 909 2520 arrogantiam
922 2439 1072 2532 arbitrati
1087 2449 1175 2515 sunt,

127 2563 191 2605 nec
217 2542 250 2604 id
275 2543 402 2605 Rutilio
426 2552 460 2605 et
484 2542 609 2606 Scauro
634 2542 717 2606 citra
740 2541 840 2606 fidem
862 2552 919 2605 aut
941 2543 1177 2607 obtrectationi

126 2642 211 2720 fuit;
235 2645 317 2708 adeo
334 2645 475 2708 virtutes
492 2645 611 2708 iisdem
628 2633 835 2727 temporibus
854 2646 980 2727 optime
1002 2647 1178 2710 aestiman-

127 2757 191 2822 tur,
224 2748 344 2829 quibus
373 2745 531 2811 facillime
562 2748 755 2831 gignuntur.
803 2748 853 2812 At
884 2769 973 2814 nunc
1004 2759 1177 2813 narraturo

127 2851 210 2914 mihi
225 2851 327 2914 vitam
344 2848 494 2915 defuncti
511 2852 664 2928 hominis
678 2853 777 2916 venia
792 2873 876 2934 opus
892 2849 974 2929 fuit3
997 2874 1096 2935 quam
1109 2873 1176 2915 non
1212 2881 1236 2922 ις

127 2955 289 3036 petissem
316 2954 529 3044 incusaturus
560 2964 628 3018 tam
660 2976 759 3019 saeva
785 2966 820 3019 et
850 2952 973 3020 infesta
998 2955 1177 3020 virtutibus

126 3067 288 3139 tempora

172 3179 207 3226 11.
241 3160 411 3244 Legimus,
430 3183 506 3224 cum
528 3161 681 3226 Aruleno
706 3162 847 3226 Rustico
873 3163 994 3226 Paetus
1018 3164 1175 3239 Thrasea,

128 3265 305 3330 Herennio
330 3264 511 3329 Senecioni
535 3265 666 3329 Priscus
696 3265 874 3330 Helvidius
901 3265 1025 3330 laudati
1052 3277 1176 3343 essent,

126 3369 269 3451 capitale
292 3365 417 3446 luisse3
444 3389 553 3451 neque
577 3369 611 3430 in
635 3370 726 3451 ipsos
750 3371 848 3433 modo
872 3379 1035 3445 auctores
1061 3371 1119 3434 sed
1143 3371 1177 3433 in
1212 3397 1238 3426 w

125 3472 229 3536 libros
253 3491 386 3554 quoque
408 3492 523 3535 eorum
547 3473 720 3549 saevitum,
743 3473 898 3556 delegato
920 3473 1100 3537 triumviris
1122 3473 1179 3536 mi-

125 3575 275 3652 nisterio,
305 3583 343 3637 ut
373 3585 592 3638 monumenta
618 3575 877 3640 clarissimorum
905 3577 1114 3658 ingeniorum
1143 3577 1178 3641 in

126 3679 263 3743 comitio
294 3699 332 3741 ac
359 3674 431 3740 loro
463 3688 647 3743 urerentur.
698 3680 835 3744 Scilicet
865 3681 921 3744 illo
952 3681 1031 3763 igne
1060 3702 1177 3745 vocem

97 3859 100 3866 ι
125 3782 241 3865 populi
270 3781 415 3844 Romani
443 3790 477 3844 et
504 3781 694 3846 libertatem
718 3794 855 3848 senatus
879 3793 913 3848 et
937 3785 1178 3848 conscientiam

125 3885 262 3970 generis
281 3884 419 3950 humani
441 3885 567 3950 aboleri
590 3885 846 3962 arbitrabantur,
871 3885 1018 3968 expulsis
1042 3886 1179 3966 insuper
1213 3918 1238 3957 ¹5

992 4016 1003 4054 1
