2780 4320
482 221 607 284 Events
628 221 718 302 after
737 221 789 284 tlte
812 221 929 286 Battle.
1189 240 1230 305 23

160 405 357 488 ¹sexaginta
384 404 543 481 cecidere,
572 404 605 468 in
633 403 708 487 quis
736 403 846 468 Aulus
874 403 1013 470 Atticus
1041 404 1231 488 praefectus

181 509 339 585 cohortis,
356 508 495 589 juvenili
514 509 630 572 ardore
647 517 681 571 et
697 505 822 572 ferocia
838 509 914 591 equi
936 510 1090 574 hostibus
1109 512 1229 577 illatus.

134 613 137 652 ἓ
180 631 329 676 xxxvrrr.
363 612 406 674 Et
435 631 500 674 nox
527 611 659 693 quidem
687 611 809 693 gaudio
837 614 1025 696 praedaque
1054 614 1142 678 laeta
1167 615 1233 679 vic-

116 755 119 760 ι
180 717 319 780 toribus.
379 715 530 778 Britanni
561 715 713 796 palantes
744 715 911 799 mistoque
942 717 1086 780 virorum
1119 719 1233 782 mulie-

180 839 322 901 rumque
352 818 492 900 ploratu‚
524 819 657 882 trahere
688 819 891 896 vulneratos,
919 841 1039 885 vocare
1070 821 1229 904 integros,
1280 848 1291 886 s

180 925 337 986 deserere
363 924 480 986 domos
506 943 545 986 ac
573 943 632 1005 per
659 923 740 987 iram
766 924 854 986 ultro
880 924 1080 1001 incendere;
1107 926 1231 1008 eligere

90 1097 92 1101 ,
180 1027 327 1089 latebras
350 1035 384 1089 et
408 1026 523 1090 statim
540 1025 748 1108 relinquere;
771 1027 912 1091 miscere
930 1027 1072 1092 invicem
1093 1029 1232 1094 consilia

180 1131 300 1213 aliqua,
329 1130 406 1193 dein
438 1150 592 1212 separare
606 1150 614 1206 ;
645 1130 822 1212 aliquando
853 1128 963 1213 frangi
993 1142 1132 1213 aspectu
1163 1133 1232 1215 pig-

180 1255 300 1297 norum
328 1254 473 1309 suorum,
501 1233 635 1316 saepius
662 1233 845 1310 concitari;
878 1234 1026 1317 satisque
1054 1237 1230 1300 constabat

162 1317 329 1400 'saevisse
345 1338 505 1418 quosdam
523 1336 556 1399 in
573 1335 735 1418 conjuges
754 1358 793 1400 ac
812 1336 944 1414 liberos,
962 1348 1132 1420 tamquam
1156 1339 1233 1402 mis·
1267 1367 1292 1396 ιο

181 1450 363 1504 erarentur.
412 1439 584 1503 Proximus
609 1440 681 1504 dies
706 1438 826 1504 faciem
850 1441 1010 1504 victoriae
1034 1441 1134 1505 latius
1158 1441 1232 1525 a'pe-

94 1531 97 1540 ’
181 1543 268 1618 ruit;
290 1553 422 1606 vastum
440 1543 563 1624 ubique
587 1543 768 1620 silentium,
786 1544 908 1608 secreti
931 1544 1043 1620 colles
1067 1542 1232 1610 fumantia

85 1633 94 1646 ’
181 1646 296 1727 procul
321 1656 421 1722 tecta,
448 1667 546 1709 nemo
572 1647 836 1728 exploratoribus
862 1648 988 1712 obvius
1037 1649 1168 1730 Quibus
1196 1650 1230 1712 in

181 1769 314 1812 omnem
327 1759 457 1831 partem
470 1749 627 1825 dimissis,
642 1749 698 1813 ubi
714 1750 844 1815 incerta
854 1748 954 1833 fugae
967 1752 1110 1833 vestigia
1121 1773 1230 1834 neque

180 1873 320 1934 usquam
348 1853 541 1935 conglobari
568 1854 684 1916 hostes
715 1864 923 1937 compertum
950 1863 984 1917 et
1016 1865 1133 1919 exacta
1162 1856 1229 1937 jam
1266 1884 1290 1922 u

180 1965 311 2018 aestate
341 1956 454 2038 spargi
483 1956 607 2019 bellum
639 1957 808 2039 nequibat,
837 1957 870 2019 in
902 1959 986 2020 fines
1015 1959 1230 2023 Borestorum

181 2059 364 2122 exercitum
395 2059 540 2124 deducit.
589 2059 641 2123 lbi
671 2060 818 2141 acceptis
849 2060 1031 2137 obsidibus,
1060 2059 1231 2142 praefecto

181 2162 298 2225 classis
322 2143 526 2226 circumvelli
550 2163 758 2227 Britanniam
779 2149 955 2245 praecipit}
1000 2165 1109 2228 Datae
1132 2167 1173 2228 ad
1197 2166 1230 2230 id

180 2265 278 2342 vires,
297 2275 330 2328 et
347 2277 574 2349 praecesserat
591 2277 707 2332 terror,
756 2268 834 2349 Ipse
849 2268 996 2348 peditem
1018 2278 1119 2350 atque
1143 2271 1232 2351 equi-

181 2379 235 2432 tes
251 2369 342 2433 lento
359 2369 489 2447 itinere,
507 2391 571 2452 quo
587 2391 747 2434 novarum
764 2371 916 2453 gentium
933 2371 1035 2434 animi
1052 2371 1125 2453 ipsa
1143 2382 1232 2436 tran·
1265 2401 1291 2430 ω

181 2473 267 2535 situs
292 2493 385 2536 mora
409 2482 624 2551 terrerentur,
649 2475 684 2537 in
708 2475 857 2539 hibernis
882 2474 1014 2541 locavit.
1063 2477 1107 2539 Et
1132 2477 1230 2540 simul

35 2617 39 2626 ,
129 2629 133 2635 .
181 2576 298 2639 classis
324 2578 471 2640 secunda
495 2587 698 2659 tempestate
722 2589 761 2642 ac
784 2576 873 2642 fama
895 2579 1134 2644 Trutulensem
1161 2602 1232 2661 por-

181 2690 254 2742 tum
271 2679 390 2757 tenuit,
408 2681 496 2744 unde
512 2680 662 2762 proximo
684 2681 876 2745 Britanniae
897 2681 1003 2746 latere
1026 2682 1116 2748 lecto
1140 2685 1231 2746 omni

181 2782 336 2848 redierat.

226 2905 343 2950 xxxrx.
378 2887 480 2959 Hunc
501 2908 611 2951 rerum
633 2909 776 2965 cursum,
794 2909 994 2971 quamquam
1012 2890 1103 2954 nulla
1117 2892 1233 2954 verbo·
1267 2920 1291 2958 πε

182 3011 254 3053 rum
271 2991 432 3072 jactantia
447 2991 600 3072 epistulis
617 2989 798 3073 Agricolae
817 3002 963 3070 auctum,
982 3002 1018 3055 ut
1036 2993 1231 3057 Domitiano

182 3095 284 3157 moris
301 3104 381 3170 erat,
398 3091 510 3158 fronte
526 3095 643 3172 laetus
657 3105 794 3178 pectore
809 3096 926 3159 anxius
944 3096 1083 3178 excepit.
1118 3098 1230 3161 inerat

84 3185 97 3202 ⁶
182 3197 388 3261 conscientia
411 3199 535 3261 derisui
558 3196 663 3262 luisse
685 3219 791 3280 nuper
807 3197 928 3262 falsum
945 3221 964 3262 e
982 3201 1162 3265 Germania
1177 3201 1233 3264 tri·

17 3295 24 3306 '
108 3312 112 3320 '
181 3302 352 3381 umphum,
381 3301 503 3382 emptis
534 3323 593 3385 per
623 3302 830 3379 commercia,
860 3323 999 3384 quorum
1031 3303 1165 3366 habitus
1196 3315 1230 3367 et

181 3404 291 3467 crines
323 3404 356 3466 in
385 3405 591 3485 captivorum
623 3406 769 3486 speciem
800 3402 1045 3483 formarentur5
1075 3416 1109 3469 at
1142 3428 1230 3471 nunc
1266 3440 1290 3478 30

94 3520 102 3530 ·
182 3527 293 3569 veram
318 3528 539 3590 magnamque
562 3508 736 3572 victoriam
760 3518 811 3572 tot
833 3509 967 3573 milibus
991 3511 1139 3574 hostium
1162 3531 1232 3575 cae-

75 3680 81 3694 ,
117 3631 121 3638 ·
182 3610 229 3673 sis
252 3610 386 3698 ingenti
404 3609 492 3674 lama
513 3612 681 3676 celebrari.
730 3613 768 3675 Id
793 3612 856 3675 sibi
879 3613 1022 3676 maxime
1044 3611 1233 3677 formidolo-

77 3717 91 3777 '.
182 3733 266 3788 sum,
284 3713 419 3794 'privati
450 3714 595 3777 hominis
626 3735 749 3777 nomen
781 3735 882 3796 supra
912 3715 1071 3796 principis
1102 3717 1231 3795 attolli;

137 3816 141 3822 '
180 3813 306 3879 frustra
328 3817 439 3879 studia
455 3814 518 3880 fori
535 3827 569 3881 et
586 3817 733 3881 civilium
750 3818 871 3881 artium
888 3819 991 3881 decus
1008 3819 1041 3881 in
1059 3819 1236 3882 silentium.

179 3928 265 3995 acta,
292 3918 320 3981 si
351 3919 529 3983 militarem
555 3919 694 4001 gloriam
719 3920 803 3983 alius
828 3930 1027 4001 occuparet;
1058 3932 1092 3984 et
1118 3931 1231 3986 cetera
1265 3953 1290 3992 ³³
