2780 4320
148 163 187 211 12
469 146 535 212 The
556 148 635 231 Life
656 149 697 232 os
711 149 874 234 Agn'cola.

143 337 229 401 vada
244 345 278 402 et
294 337 420 420 patrius
437 339 538 401 nandi
554 359 643 414 usus,
662 360 727 422 quo
744 339 842 404 simul
862 361 965 424 seque
988 351 1023 406 et
1046 361 1137 406 arma
1157 352 1193 408 et

144 461 248 524 equos
260 451 390 524 regunt,
405 442 452 505 ita
462 453 601 523 repente
613 443 759 521 immisit,
774 454 810 508 ut
823 442 1048 527 obstupefacti
1065 448 1190 523 hostes,

144 545 200 627 qui
231 545 381 621 classem,
414 545 470 628 qui
499 549 611 623 naves
644 547 700 628 qui
730 568 820 611 mare
839 549 1089 629 exspectabant,
1109 551 1192 614 nihil

143 649 282 712 arduum
298 658 355 712 aut
371 649 532 712 invictum
548 649 751 715 crediderint
770 652 817 716 sic
833 652 874 716 ad
890 652 1015 717 bellum
1030 654 1194 717 venienti-

144 754 214 818 bus,
263 754 317 816 Ita
332 753 437 835 petita
452 773 533 835 pace
549 774 588 817 ac
604 755 717 818 dedita
735 755 852 833 insula,
871 756 979 820 clarus
995 777 1034 821 ac
1050 778 1192 840 magnus

143 856 259 921 haberi
290 856 472 939 Agricola;
506 857 629 939 quippe
660 858 713 922 cui
743 858 945 941 ingredienti
976 860 1189 941 provinciam,

144 961 232 1044 quod
255 970 387 1042 tempus
411 960 465 1023 alii
488 981 548 1041 per
563 961 825 1026 ostentationem
842 972 877 1027 et
892 963 1076 1027 officiorum
1092 964 1193 1027 ambi·

144 1074 215 1128 tum
242 1064 442 1146 transigunt,
470 1063 564 1126 labor
593 1075 627 1129 et
657 1066 841 1147 periculum
868 1066 1057 1148 placuisset.
1117 1068 1192 1132 Nec

143 1168 312 1250 Agricola,
331 1167 553 1249 prosperitate
570 1189 679 1232 rerum
696 1169 730 1233 in
746 1170 929 1233 vanitatem
953 1191 1043 1246 usus,
1062 1171 1194 1252 expedi·
1365 1129 1367 1272 l

88 1287 93 1297 “
144 1273 270 1336 tionem
294 1280 351 1334 aut
377 1255 550 1335 victoriam
580 1273 720 1336 vocabat
750 1272 859 1336 victos
890 1274 1117 1351 continuisse;
1148 1295 1193 1337 ne

143 1375 299 1438 laureatis
323 1374 456 1457 quidem
480 1385 577 1457 gesta
598 1385 796 1456 prosecutus
820 1385 880 1441 est.
929 1375 997 1440 Sed
1027 1377 1100 1458 ipsa
1129 1377 1194 1440 dis·

145 1478 356 1542 simulatione
386 1476 494 1542 lamae
524 1476 646 1542 lamam
676 1479 767 1543 auxit
790 1481 1045 1544 aestimantibus
1068 1491 1206 1568 quanta,

143 1579 246 1645 futuri
263 1601 322 1663 spe
339 1592 407 1645 tam
424 1603 545 1665 magna
560 1579 729 1647 tacuisset.

187 1705 258 1751 xix.
292 1687 451 1750 Ceterum
474 1687 659 1749 animorum
684 1687 874 1768 provinciae
900 1687 1057 1769 prudens
1083 1686 1194 1750 simul-

145 1810 208 1873 que
225 1792 344 1854 doctus
360 1810 420 1872 per
435 1790 543 1853 aliena
563 1791 792 1871 experimenta
814 1811 930 1872 parum
947 1791 1062 1872 profici
1081 1792 1190 1867 armiS,

145 1895 173 1958 si
200 1895 340 1978 injuriae
362 1895 595 1976 sequerentur,
621 1914 738 1957 causas
768 1894 931 1958 bellorum
962 1895 1079 1958 statuit
1110 1895 1195 1958 exci-

145 2000 232 2062 dere.
286 1997 322 2060 A
353 2018 390 2062 se
428 1997 562 2079 suisque
600 2017 704 2073 orsus,
743 1997 887 2078 primum
925 1999 1060 2060 domum
1099 2019 1193 2061 suam
1366 2031 1367 2040 ,

146 2101 302 2176 coercuit,
317 2103 405 2184 quod
420 2101 588 2183 plerisque
611 2101 699 2163 haud
722 2101 833 2164 minus
857 2101 995 2164 arduum
1019 2110 1072 2165 est
1094 2121 1193 2183 quam

145 2205 349 2286 provinciam
366 2225 491 2288 regere.
540 2203 632 2266 Nihil
650 2224 709 2285 per
724 2204 862 2268 libertos
886 2224 1067 2286 servosque
1090 2204 1195 2285 publi-

146 2329 205 2372 cae
221 2309 268 2372 rei
283 2329 290 2386 ;
314 2330 382 2372 non
398 2308 517 2372 studiis
533 2307 670 2389 privatis
686 2327 749 2372 nec
766 2327 806 2371 ex
828 2308 1117 2372 commendatione
1136 2317 1194 2370 aut

145 2412 300 2494 precibus
338 2413 579 2488 centurionem,
618 2411 741 2474 milites
778 2411 893 2498 ascire,
933 2412 993 2474 sed
1030 2411 1193 2492 optimum

146 2537 311 2599 quemque
341 2515 538 2579 fidissimum
562 2523 678 2596 putare
688 2535 695 2592 ;
727 2515 838 2577 omnia
865 2514 958 2589 scire,
984 2535 1052 2577 non
1083 2514 1195 2577 omnia

56 2690 58 2694 ,
147 2621 303 2702 exsequi;
334 2620 444 2701 parvis
467 2619 614 2700 peccatis
644 2618 785 2694 veniam,
818 2619 948 2700 magnis
980 2619 1193 2682 severitatem

147 2725 365 2798 commodare,
384 2743 446 2786 nec
466 2743 574 2805 poena
594 2742 725 2803 semper
748 2722 807 2784 sed
831 2722 963 2802 saepius
986 2721 1195 2802 paenitentia

147 2837 326 2892 contentus
357 2847 451 2904 esse;
489 2827 607 2890 officiis
638 2836 672 2889 et
707 2825 1051 2888 administrationibus
1082 2825 1194 2906 potius

146 2953 214 2995 non
245 2941 441 3013 peccaturos
471 2949 684 3011 praeponere,
710 2949 808 3011 quam
836 2929 993 2991 damnare
1019 2949 1094 2991 cum
1121 2948 1196 3009 pec-

71 3034 74 3041 '
147 3044 289 3098 cassent.
338 3033 514 3096 Frumenti
538 3042 571 3096 et
595 3033 795 3096 tributorum
819 3031 1027 3095 exactionem
1054 3031 1197 3113 aequali-

147 3148 216 3202 tate
248 3158 423 3202 munerum
451 3136 588 3213 mollire,
614 3134 819 3200 circumcisis
854 3155 937 3217 quae
961 3134 996 3197 in
1020 3144 1195 3216 quaestum

147 3253 280 3324 reperta
309 3242 381 3322 ipso
412 3241 537 3304 tributo
569 3241 702 3322 gravius
738 3239 974 3302 tolerabantur.
1041 3239 1195 3320 Namque

146 3367 206 3428 per
228 3345 405 3409 ludibrium
429 3345 576 3408 assidere
600 3343 721 3407 clausis
749 3342 877 3405 horreis
901 3352 935 3405 et
966 3334 1092 3428 emere
1108 3341 1195 3404 ultro

146 3447 323 3524 frumenta,
348 3469 386 3512 ac
409 3449 524 3512 ludere
547 3447 654 3529 pretio
686 3447 912 3528 cogebantur;
942 3445 1093 3508 devortia
1122 3445 1197 3507 itin·

147 3573 240 3617 erum
257 3563 291 3617 et
307 3552 533 3634 longinquitas
550 3551 723 3632 regionum
743 3549 960 3624 indicebatur,
979 3557 1015 3611 ut
1032 3548 1194 3621 civitates

147 3657 305 3738 proximis
328 3656 487 3729 hibernis,
512 3655 546 3716 in
570 3663 698 3717 remota
721 3662 756 3716 et
778 3653 852 3715 avia
874 3649 1052 3728 deferrent,
1078 3651 1194 3725 donec,

148 3761 236 3842 quod
253 3759 407 3822 omnibus
424 3759 458 3821 in
475 3767 631 3838 promptu
648 3765 727 3830 erat,
745 3756 859 3837 paucis
876 3755 1044 3818 lucrosum
1060 3755 1164 3818 fieret.

90 3892 114 3932 ες
192 3880 248 3927 xx,
283 3862 380 3926 Haec
396 3861 502 3944 primo
519 3859 632 3923 statim
648 3879 737 3922 anno
754 3858 1012 3940 comprimendo,
1027 3857 1195 3940 egregiam
