2780 4320
183 203 222 264 14
513 183 579 246 lee
599 183 678 265 Life
699 185 740 264 os
754 182 919 266 Agricola.

180 375 361 439 obsidionis
377 373 497 438 annuis
514 373 620 454 copiis
641 373 866 436 firmabantur.
916 372 968 436 Ita
991 372 1159 454 intrepida
1181 373 1243 437 ibi·

180 478 296 554 hiems,
314 487 348 542 et
372 478 434 541 sibi
457 477 596 560 quisque
620 476 793 557 praesidio,
817 476 918 539 irritis
942 476 1096 539 hostibus
1120 497 1227 558 eoque

179 582 443 663 desperantibus,
475 564 552 663 quia
582 580 671 643 soliti
701 580 897 661 plerumque
930 579 1052 642 damna
1089 582 1227 644 aestatis

180 686 327 749 hibernis
351 685 526 749 eventibus
551 702 701 766 pensare,
727 692 798 746 turn
826 691 954 746 aestate
985 693 1086 765 atque
1116 684 1227 747 hieme

121 821 133 860 ς
179 789 273 870 juxta
302 788 518 870 pellebantur.
567 787 640 850 Nec
672 785 834 868 Agricola
864 807 1021 869 umquam
1055 807 1115 867 per
1145 788 1227 851 alios

180 902 276 974 gesta
305 892 420 955 avidus
451 890 647 971 intercepit;
680 910 739 953 seu
763 890 914 954 centurio
946 910 1005 953 seu
1036 887 1227 972 praelectus

180 997 408 1076 incorruptum
438 992 517 1057 iacti
546 1003 677 1066 ,testem
717 994 868 1057 habebat.
924 991 1027 1074 Apud
1066 995 1227 1076 quosdam

180 1100 329 1164 acerbior
351 1099 385 1161 in
409 1097 567 1161 conviciis
592 1097 807 1173 narrabatur;
836 1107 872 1160 ut
896 1105 967 1159 erat
991 1097 1095 1160 comis
1119 1097 1225 1170 bonis,

176 1205 223 1278 ita
246 1207 404 1269 adversus
428 1205 532 1268 malos
559 1205 770 1287 injucundus.
820 1191 977 1270 Ceterum
996 1225 1038 1269 ex
1060 1201 1231 1267 iracundia
1262 1223 1265 1228 ·

117 1329 142 1360 ¹0
175 1314 258 1377 nihil
276 1325 446 1396 supererat
465 1323 641 1390 secretum,
656 1324 692 1377 ut
710 1312 879 1376 silentium
899 1315 973 1397 ejus
989 1336 1057 1379 non
1075 1314 1231 1388 timeres;

176 1419 351 1484 honestius
368 1419 505 1501 putabat
523 1415 694 1482 offendere
710 1439 809 1502 quarn
827 1420 947 1485 odisse.

177 1584 179 1588 ,
222 1538 320 1584 xxm.
354 1519 484 1601 Quarta
512 1531 622 1583 aestas
646 1520 837 1585 obtinendis
860 1542 944 1604 quae
973 1536 1227 1604 percucurrerat

178 1623 366 1704 insumpta;
389 1644 437 1697 ae,
455 1623 483 1686 si
502 1623 607 1687 virtus
631 1624 836 1687 exercituum
853 1634 887 1688 et
912 1625 1057 1688 Romani
1080 1629 1226 1692 nominis

179 1727 283 1808 gloria
306 1736 483 1808 pateretur,
508 1726 665 1790 inventus
691 1727 725 1789 in
749 1727 821 1809 ipsa
848 1728 1022 1792 Britannia
1052 1732 1224 1797 terminus

121 1859 144 1898 ις
180 1831 333 1912 Namque
357 1829 455 1893 Clota
477 1839 511 1892 et
536 1830 702 1904 Bodotria,
727 1830 849 1893 diversi
873 1831 972 1894 maris
996 1833 1144 1896 aestibus
1167 1854 1226 1916 per

178 1934 378 1996 immensum
402 1943 565 2008 revectae,
585 1943 728 2015 angusto
752 1944 914 1997 terrarum
938 1936 1046 2017 spatio
1070 1937 1227 2001 dirimun-

179 2047 241 2111 tur,
281 2037 370 2118 quod
408 2046 479 2100 tum
515 2036 688 2118 praesidiis
724 2037 925 2117 firmabatur,
978 2049 1080 2122 atque
1115 2043 1226 2105 omnis

179 2140 312 2222 propior
328 2141 420 2203 sinus
443 2141 628 2217 tenebatur,
647 2140 821 2204 summotis
845 2140 936 2205 velut
959 2141 993 2204 in
1017 2143 1115 2206 aliam
1139 2145 1227 2209 insu-

179 2244 243 2307 lam
260 2245 421 2308 hostibus.
1124 2327 1128 2338 δ

120 2379 146 2408 20
222 2367 317 2412 xxiv.
352 2348 480 2430 Quinto
498 2347 746 2429 expeditionum
770 2369 868 2424 ann0,
886 2369 971 2413 nave
994 2350 1100 2431 prima
1123 2361 1227 2416 trans-

48 2442 51 2450 *
174 2472 323 2534 gressus,
342 2452 474 2534 ignotas
498 2453 539 2514 ad
562 2451 595 2514 id
619 2461 895 2533 tempusgentes
918 2453 1043 2516 crebris
1067 2454 1227 2520 simulac

178 2556 346 2638 prosperis
371 2556 505 2637 proeliis
530 2555 667 2630 domuit,
692 2574 832 2636 eamque
862 2565 990 2637 partem
1022 2558 1225 2633 Britanniae,

179 2681 263 2742 quae
281 2659 479 2722 Hiberniam
495 2659 622 2740 aspicit,
642 2658 746 2740 copiis
763 2658 928 2734 instruxit,
946 2659 980 2722 in
1002 2681 1095 2742 spem
1120 2663 1227 2744 magis

179 2785 276 2848 quam
293 2765 336 2826 ob
357 2761 589 2839 formidinem
613 2762 641 2825 si
658 2763 791 2844 quidem
812 2762 986 2836 Hibernia,
1005 2765 1114 2828 medio
1139 2766 1228 2831 inter

120 2898 144 2937 ις
180 2867 385 2931 Britanniam
413 2877 513 2949 atque
546 2867 744 2948 Hispaniam
776 2865 840 2928 sita
870 2875 904 2929 et
936 2865 1063 2930 Gallico
1095 2890 1227 2951 quoque

178 2973 259 3036 mari
282 2981 478 3054 opportuna,
502 2972 765 3035 valentissimam
789 2971 919 3053 imperii
942 2982 1070 3053 partem
1095 2977 1227 3056 magnis

178 3077 321 3140 invicem
339 3077 453 3140 usibus
475 3075 653 3139 miscuerit.
702 3075 855 3156 Spatium
879 3075 961 3157 ejus,
980 3075 1008 3138 si
1032 3076 1227 3144 Britanniae

80 3231 82 3236 .
178 3190 396 3262 comparetur,
428 3178 611 3260 angustius,
645 3177 751 3240 nostri
785 3177 885 3241 maris
921 3177 1047 3242 insulas
1081 3192 1224 3261 superat.

179 3284 294 3349 Solum
312 3284 505 3364 caelumque
527 3292 561 3346 et
585 3281 720 3363 ingenia
743 3280 918 3363 cultusque
941 3281 1113 3345 hominum
1138 3285 1227 3349 haud

119 3416 145 3456 ao
178 3390 317 3453 multum
341 3409 361 3451 a
384 3386 556 3449 Britannia
572 3382 684 3448 differt
700 3384 734 3446 in
751 3384 888 3460 melius,
911 3384 1021 3449 aditus
1044 3377 1227 3471 portusque

153 3537 159 3550 .
177 3514 237 3575 per
252 3491 450 3556 commercia
466 3500 500 3553 et
517 3489 743 3571 negotiatores
757 3487 891 3570 cogniti.
940 3487 1102 3572 Agricola
1117 3494 1228 3573 expul-

178 3618 250 3660 sum
268 3595 432 3660 seditione
452 3593 636 3657 domestica
658 3611 762 3655 unum
786 3611 827 3656 ex
850 3592 974 3675 regulis
998 3594 1110 3676 gentis
1134 3615 1229 3659 exce-

178 3710 272 3782 perat
301 3720 340 3763 ac
378 3697 490 3780 specie
527 3697 693 3760 amicitiae
730 3695 764 3757 in
799 3696 1010 3760 occasionem
1049 3697 1225 3766 retinebat.

179 3804 287 3884 Saepe
311 3802 352 3864 ex
379 3820 418 3863 eo
449 3799 567 3873 audivi,
600 3798 734 3880 legione
765 3818 831 3861 una
861 3809 895 3862 et
926 3800 1065 3863 modicis
1096 3802 1228 3867 auxiliis

120 3930 144 3971 as
177 3904 336 3970 debellari
367 3901 576 3984 obtinerique
611 3899 810 3965 Hiberniam
846 3921 954 3983 posse,
987 3902 1086 3985 idque
1124 3905 1227 3969 etiam
