2780 4320
462 182 654 246 Discontent
673 182 714 265 os
730 181 783 245 the
805 181 948 247 Bn'tous.
1209 199 1233 266 9

224 390 295 437 xrv.
329 370 562 436 Consularium
579 371 705 454 primus
718 371 828 435 Aulus
846 370 993 435 Plautius
1010 371 1228 454 praepositus,

179 495 223 560 ac
249 475 391 539 subinde
415 475 571 539 Ostorius
605 475 756 557 Scapula,
783 486 922 558 uterque
945 475 1032 539 bello
1056 476 1230 558 egregius;

180 580 382 661 redactaque
419 577 579 660 paulatim
615 578 649 641 in
682 576 824 642 formam
856 578 1047 660 provinciae
1083 579 1232 660 proxima

180 703 257 764 pars
282 681 483 746 Britanniae.
530 681 660 745 Addita
682 682 819 763 insuper
839 692 1073 745 veteranorum
1090 682 1228 747 colonia.

182 786 356 868 Quaedam
393 785 546 849 civitates
584 785 794 868 Cogidumno
828 786 899 867 regi
935 787 1078 850 donatae
1111 785 1151 867 (is
1189 787 1257 849 ad.

181 900 330 953 nostram
347 909 452 971 usque
476 889 670 952 memoriam
694 889 876 953 fidissimus
899 889 1034 971 mansit)
1053 899 1098 964 ut,
1115 899 1230 954 vetere

180 1013 219 1058 ac
249 993 317 1074 jam
347 993 477 1074 pridem
502 1002 638 1074 recepta
662 993 776 1074 populi
804 993 950 1056 Romani
976 993 1228 1070 consuetudine,

180 1097 320 1159 haberet
344 1097 568 1159 instrumenta
591 1096 761 1159 servitutis
785 1106 819 1160 et
846 1116 952 1179 reges.
1000 1097 1082 1160 Mox
1109 1096 1229 1161 Didius

182 1199 298 1263 Gallus
329 1209 424 1281 parta
453 1220 473 1263 a
503 1199 668 1281 prioribus
699 1200 874 1276 continuit,
907 1201 1020 1282 paucis
1052 1201 1229 1264 admodum

181 1304 327 1367 castellis
358 1303 392 1366 in
424 1302 582 1367 ulteriora
611 1303 782 1384 promotis,
815 1323 875 1384 per
904 1324 989 1386 quae
1018 1301 1107 1368 fama
1140 1305 1229 1368 aucti

180 1406 281 1470 officii
312 1417 535 1488 quaereretur.
591 1407 729 1469 Didium
764 1407 932 1470 Veranius
962 1407 1103 1488 excepit,
1135 1407 1229 1490 isque
1325 1473 1328 1482 ,

181 1510 269 1573 intra
291 1530 416 1572 annum
439 1493 626 1574 exstinctus
650 1519 710 1574 est.
759 1510 942 1574 Suetonius
965 1511 1044 1575 hinc
1073 1511 1229 1575 Paulinus

180 1612 317 1675 biennio
333 1632 509 1694 prosperas
526 1633 579 1676 res
596 1613 721 1686 habuit,
740 1613 887 1676 subactis
910 1613 1100 1677 nationibus
1123 1615 1230 1678 firma-

181 1716 291 1798 tisque
313 1716 506 1797 praesidiis;
530 1736 670 1799 quorum
695 1715 816 1779 fiducia
847 1716 985 1779 Monam
1016 1716 1166 1791 insulam,
1192 1727 1228 1781 ut

180 1819 268 1882 vires
299 1819 478 1884 rebellibus
509 1818 764 1894 ministrantem,
798 1839 975 1901 aggressus
1013 1829 1108 1901 terga
1138 1841 1229 1884 occa·

178 1921 266 1984 sioni
298 1918 466 2002 patefecit.
514 1940 569 1986 xv.
611 1923 765 2004 Namque
795 1922 949 1986 absentia
974 1921 1077 2005 legati
1101 1934 1230 1987 remoto

147 2033 271 2100 ‚metu
304 2024 456 2086 Britanni
479 2025 608 2105 agitare
637 2025 727 2088 inter
760 2043 797 2087 se
827 2024 913 2087 mala
944 2025 1126 2100 servitutis,
1156 2047 1231 2090 con-

178 2125 266 2191 ferre
283 2127 421 2209 injurias
438 2137 473 2190 et
489 2127 741 2209 interpretando
762 2129 955 2192 accendere.
1004 2128 1097 2191 Nihil
1114 2131 1229 2212 profici

178 2231 351 2311 patientia,
369 2231 434 2294 nisi
456 2240 493 2294 ut
516 2232 669 2314 graviora
690 2241 860 2313 tamquam
884 2252 925 2294 ex
948 2229 1038 2295 facili
1062 2213 1231 2296 toleranti-

179 2334 241 2397 bus
257 2334 472 2415 imperentur.
522 2333 681 2417 Singulos
705 2334 769 2398 sibi
793 2335 871 2398 olim
888 2355 985 2417 reges
1008 2327 1122 2412 fuisse,
1141 2357 1229 2400 nunc

160 2435 276 2500 binos
307 2438 442 2519 imponi,
475 2458 494 2501 e
524 2438 644 2520 quibus
682 2437 813 2520 legatus
851 2438 885 2501 in
920 2439 1127 2522 sanguinem,
1159 2461 1231 2521 pro

180 2549 313 2604 curator
340 2541 374 2604 in
401 2543 490 2606 bona
517 2543 670 2607 saeviret.
716 2541 838 2626 Aeque
865 2542 1064 2607 discordiam
1096 2563 1231 2625 praepo-

179 2644 327 2721 sitorum,
345 2665 450 2727 aeque
466 2647 679 2709 concordiam
695 2647 858 2728 subjectis
875 2646 1048 2710 exitiosam
1062 2668 1069 2725 ;
1093 2647 1229 2710 alterius

179 2768 324 2825 manum,
342 2749 566 2826 centuriones
583 2749 721 2812 alterius
738 2770 852 2813 servos
867 2750 935 2812 vim
955 2759 988 2812 et
1008 2751 1230 2814 contumelias

179 2851 328 2938 miscere.
377 2849 471 2915 Nihil
493 2853 561 2935 jam
585 2853 769 2935 cupiditati,
787 2853 870 2917 nihil
891 2853 1020 2916 libidini
1041 2865 1226 2935 exceptum.

180 2955 220 3017 In
237 2957 362 3036 proelio
383 2954 555 3020 fortiorem
579 2978 663 3035 esse,
683 2957 738 3040 qui
760 2958 881 3038 spoliet
893 2978 900 3035 ;
922 2978 1012 3020 nunc
1035 2959 1076 3022 ab
1099 2957 1228 3039 ignavis

179 3058 374 3141 plerumque
399 3069 432 3123 et
457 3060 647 3124 imbellibus
670 3061 754 3143 eripi
778 3062 903 3137 domoS,
922 3060 1071 3124 abstrahi
1093 3061 1226 3138 liberos,

179 3162 310 3244 injungi
341 3163 504 3240 delectus,
532 3173 702 3246 tamquam
740 3164 824 3227 mori
861 3174 993 3227 tantum
1030 3185 1090 3246 pro
1121 3165 1229 3246 patria

179 3266 417 3330 nescientibus.
467 3267 676 3348 Quantulum
706 3268 796 3330 enirn
827 3268 990 3332 transisse
1018 3268 1172 3347 militum,
1199 3270 1227 3334 si

179 3388 254 3431 sese
282 3369 434 3433 Britanni
465 3357 669 3436 numerent?
723 3371 1008 3449 SicGermanias
1039 3373 1227 3437 excussisse

184 3471 310 3552 jugum,
329 3481 362 3535 et
388 3473 535 3550 flumine,
553 3495 620 3538 non
641 3474 787 3552 Oceano,
805 3472 962 3565 defendi;
986 3475 1050 3538 sibi
1074 3477 1225 3562 patriam,

178 3574 349 3658 conjuges,
374 3586 541 3658 parentes,
566 3570 642 3641 illis
659 3578 828 3641 avaritiam
857 3588 891 3641 et
916 3578 1078 3642 luxuriam
1110 3600 1249 3644 causas·

176 3676 257 3740 belli
287 3699 370 3744 esse.
429 3680 645 3757 RecessuroS,
678 3689 716 3744 ut
746 3681 841 3744 divus
878 3682 987 3761 Julius
1019 3683 1223 3758 recessisset,

176 3783 276 3844 modo
303 3782 445 3846 virtutes
472 3782 635 3865 majorum
663 3805 797 3846 suorum
828 3768 1082 3850 aemularentur.
1131 3786 1226 3849 Neve

176 3885 294 3966 proelii
332 3885 430 3950 unius
460 3895 518 3950 aut
548 3886 685 3950 alterius
717 3896 841 3950 eventu
871 3895 1113 3968 pavescerent;
1150 3888 1225 3968 plus
1260 3917 1285 3955 ³⁵
