2780 4320
448 239 523 303 His·
545 239 646 304 Youtlz
671 241 742 304 and
767 239 798 302 Τ
794 238 933 322 rainiug.
1200 254 1218 318 3

170 426 237 492 tiae
265 427 514 512 sapientiaeque
541 439 650 506 notus,
680 431 785 512 iisque
816 429 896 511 ipsis
926 428 1106 492 virtutibus
1137 449 1218 491 iram

172 533 246 595 Gaii
273 533 424 597 Caesaris
452 535 610 610 meritus;
638 551 781 617 namque
810 535 854 598 M.
884 534 1035 597 Silanum
1063 553 1219 598 accusare

169 636 283 717 jussus
307 647 350 712 et,
371 638 448 719 quia
470 639 641 712 abnuerat,
667 635 865 701 interfectus
889 646 950 700 est.
999 637 1110 700 Mater
1131 636 1221 718 Julia

172 739 312 803 Procilla
332 738 404 816 luit,
423 761 516 805 rarae
539 741 711 806 castitatis,
762 741 800 802 ln
825 741 925 822 hujus
949 740 1024 802 sinu
1048 741 1221 822 indulgen-

171 842 283 924 tiaque
299 844 460 907 educatus
477 865 685 926 peromnem
709 845 925 907 honestarum
949 845 1068 906 artium
1093 845 1219 924 cultum
1266 872 1279 914 ς

171 946 347 1027 pueritiam
378 948 706 1029 adolescentiamque
737 948 909 1030 transegit.
957 948 1107 1011 Arcebat
1142 967 1219 1011 eum

171 1052 213 1113 ab
240 1051 405 1115 illecebris
437 1053 658 1132 peccantium,
687 1061 820 1133 praeter
851 1052 954 1133 ipsius
986 1052 1106 1114 bonam
1138 1052 1221 1115 inte·

172 1175 332 1236 gramque
369 1165 531 1230 naturam,
570 1155 658 1237 quod
692 1156 805 1218 statim
841 1156 997 1236 parvulus
1033 1156 1146 1218 sedem
1181 1177 1220 1224 ac

170 1258 365 1344 magistram
390 1259 576 1321 studiorum
601 1259 784 1322 Massiliam
809 1258 933 1333 habuit,
955 1259 1067 1326 ‚locum
1092 1259 1221 1322 Graeca
1315 1266 1319 1272 ’

150 1360 152 1364 ’
172 1362 330 1425 comitate
347 1372 381 1425 et
397 1363 591 1443 provinciali
608 1362 810 1443 parsimonia
825 1361 961 1424 mistum
978 1382 1015 1424 ac
1032 1362 1118 1424 bene
1134 1382 1221 1425 com·
1255 1383 1279 1409 10
1374 1421 1379 1438 ,

119 1533 122 1536 ,
173 1465 327 1545 positum.
376 1466 540 1528 Memoria
556 1476 656 1528 teneo
679 1465 813 1528 solitum
837 1465 945 1546 ipsum
969 1485 1102 1528 narrare
1126 1485 1162 1528 se
1186 1465 1219 1528 in

173 1568 279 1649 prima
293 1568 433 1650 juventa
454 1569 601 1631 studium
625 1568 855 1650 philosophiae
879 1567 995 1642 acrius,
1013 1567 1099 1630 ultra
1122 1589 1219 1649 quam

43 1680 45 1682 ’
136 1728 138 1733 .
173 1691 371 1734 concessum
397 1673 550 1734 Romano
574 1692 611 1734 ac
636 1671 791 1744 senatori,
810 1671 970 1746 hausisse,
989 1671 1023 1733 ni
1044 1673 1221 1752 prudentia

173 1774 288 1837 matris
319 1775 494 1838 incensum
526 1795 563 1837 ac
595 1773 792 1855 flagrantem
826 1773 972 1835 animum
1007 1775 1217 1838 coercuisset.

135 1951 138 1957 ¹
175 1877 311 1941 Scilicet
328 1878 470 1940 sublime
486 1887 520 1940 et
536 1887 685 1940 erectum
705 1876 877 1958 ingenium
901 1877 1158 1957 pulcritudinem
1182 1899 1220 1941 ac
1255 1877 1296 1943 ιε’

173 1981 319 2061 speciem
337 2001 478 2062 magnae
494 1981 711 2063 excelsaeque
730 1980 854 2062 gloriae
870 1981 1103 2043 vehementius
1123 2002 1221 2062 quam
1245 2039 1249 2044 .

71 2076 81 2088 '
173 2093 271 2147 caute
287 2086 487 2166 appetebat..
524 2086 605 2148 Mox
621 2084 785 2166 mitigavit
802 2084 886 2150 ratio
909 2094 943 2146 et
966 2094 1076 2160 aetas;
1100 2085 1222 2148 retinu-

173 2187 274 2270 itque,
292 2189 381 2270 quod
397 2198 449 2251 est
465 2188 704 2262 difficillimum,
723 2209 764 2251 ex
780 2188 945 2270 sapientia
960 2189 1103 2252 modum.

111 2340 120 2350 .
216 2311 247 2356 v.
282 2291 390 2354 Prima
406 2301 589 2362 castrorum
607 2293 796 2355 rudimenta
812 2292 845 2354 in
864 2284 1037 2354 Britannia
1059 2292 1221 2356 Suetonio
1262 2371 1264 2374 Ι

174 2395 321 2471 Paulino,
339 2395 492 2476 diligenti
515 2416 553 2458 ac
572 2397 749 2480 moderato¹
768 2396 852 2471 duci,
871 2396 1075 2476 approbavit,
1094 2396 1221 2460 electus
1257 2423 1282 2450 πο

173 2519 272 2581 quern
296 2498 516 2562 contubernio
541 2498 741 2562 aestimaret.
790 2499 863 2561 Nec
888 2497 1049 2580 Agricola
1071 2499 1220 2574 licenter,

172 2623 265 2665 more
285 2601 447 2684 juvenum
464 2601 520 2684 qui
542 2602 693 2664 militiam
710 2601 744 2665 in
760 2601 929 2665 lasciviam
950 2612 1094 2676 vertunt,
1113 2623 1223 2684 neque
1302 2646 1305 2654 ·

173 2707 323 2788 segniter
337 2707 378 2769 ad
394 2704 585 2787 voluptates
601 2716 635 2769 et
651 2716 858 2770 commeatus
875 2706 1008 2769 titulum
1032 2707 1221 2769 tribunatus

172 2819 207 2872 et
224 2810 389 2872 inscitiam
406 2810 539 2886 retulit;
565 2811 623 2873 sed
641 2830 780 2874 noscere
796 2810 1011 2891 provinciam,
1027 2809 1120 2872 nosci
1133 2830 1224 2872 exer·

172 2913 262 2988 citui,
280 2913 408 2976 discere
428 2935 447 2976 a
465 2913 590 2994 peritis
610 2915 702 2996 sequi
725 2914 878 2995 optimos,
903 2913 985 2975 nihil
1008 2923 1166 2993 appetere
1187 2912 1221 2974 in
1259 2938 1284 2977 ns

74 3101 77 3106 Ι
171 3016 397 3099 jactationem,
417 3017 499 3080 nihil
522 3018 565 3079 ob
586 3014 799 3080 formidinem
819 3037 982 3091 recusare,
1002 3016 1165 3098 simulque
1188 3026 1222 3079 et

171 3121 289 3183 anxius
309 3131 344 3184 et
367 3121 518 3184 intentus
541 3142 649 3203 agere.
698 3122 777 3184 Non
802 3141 883 3184 sane
907 3104 987 3183 alias
1012 3120 1223 3182 exercitatior

172 3225 345 3306 magisque
358 3225 397 3287 in'
404 3224 560 3306 ambiguo
574 3224 747 3288 Britannia
759 3222 830 3288 luit.
877 3223 1048 3286 Trucidati
1061 3224 1219 3298 veterani,

172 3327 330 3390 incensae
354 3327 512 3403 coloniae,
531 3327 707 3410 intersepti
731 3328 917 3402 exercitus;
944 3336 1014 3389 tum
1038 3328 1080 3389 de
1104 3326 1219 3400 salute,

83 3491 86 3496 .
172 3451 249 3492 mox
271 3432 313 3493 de
331 3432 470 3494 victoria
493 3441 671 3496 certavere.
721 3432 818 3513 Quae
842 3440 964 3493 cuncta
987 3430 1050 3493 etsi
1074 3431 1220 3493 consiliis
1256 3457 1282 3494 ³0

172 3535 341 3616 ductuque
357 3535 492 3597 alterius
516 3535 703 3616 agebantur
725 3556 764 3598 ac
789 3556 918 3597 summa
941 3555 1051 3597 rerum
1075 3543 1109 3596 et
1133 3554 1222 3597 recu-

172 3647 306 3718 peratae
323 3639 513 3718 provinciae
529 3638 635 3720 gloria
650 3638 684 3700 in
701 3639 819 3701 ducem
834 3639 944 3713 cessit,
959 3647 1064 3700 artem
1078 3647 1112 3700 et
1125 3658 1221 3699 usum

173 3751 208 3803 et
231 3741 383 3805 stimulos
407 3742 564 3804 addidere
590 3741 714 3822 juveni,
741 3741 943 3822 intravitque
970 3741 1116 3803 animum
1142 3741 1223 3803 mili·

172 3844 252 3907 taris
269 3844 393 3926 gloriae
410 3845 540 3926 cupid0,
559 3844 690 3924 ingrata
709 3844 925 3924 temporibus
944 3843 1063 3925 quibus
1087 3843 1222 3905 sinistra

172 3967 253 4028 erga
275 3942 463 4010 eminentes
487 3946 719 4026 interpretatio
749 3966 812 4008 nec
840 3946 950 4007 minus
974 3943 1157 4024 periculum
1181 3965 1222 4006 ex
1256 3969 1280 4010 ss

172 4069 294 4131 magna
308 4047 397 4112 lama
412 4069 511 4131 quam
528 4069 569 4110 ex
585 4047 678 4135 mala
704 4118 707 4124 ,
