2780 4320
438 173 593 257 Agn'cola
614 173 780 237 Govemor
798 171 839 254 os
854 171 996 235 Britain
1202 189 1237 236 ιι

232 383 316 429 xvrr.
352 364 429 441 Sed,
450 364 507 428 ubi
530 385 605 427 cum
630 374 742 428 cetero
766 363 846 427 orbe
862 362 1091 445 Vespasianus
1114 371 1149 426 et
1172 362 1241 425 Bri-

188 469 339 532 tanniam
372 467 590 549 recuperavit,
622 467 735 550 magni
765 467 877 543 duces,
906 465 1032 549 egregii
1063 465 1237 544 exercitus,

188 573 318 636 minuta
340 572 488 635 hostium
512 591 598 653 spes
647 572 692 635 Bt
715 582 877 635 terrorem
896 570 1010 634 statim
1027 570 1139 634 intulit
1157 569 1240 634 Peti-

188 677 253 740 lius
273 676 422 749 Cerialis,
441 675 639 758 Brigantum
664 675 841 749 civitatem,
859 695 944 756 quae
967 674 1241 738 numerosissima

189 780 380 862 provinciae
396 779 500 844 totius
516 779 721 861 perhibetur,
739 798 927 861 aggressus.
976 777 1086 841 Multa
1103 777 1237 859 proelia,

189 894 223 947 et
250 884 427 966 aliquando
458 904 526 946 non
557 883 754 959 incruenta;
789 902 1011 964 magnamque
1042 882 1238 964 Brigantum

189 998 318 1069 partem
334 997 391 1051 aut
406 987 546 1051 victoria
561 986 734 1068 amplexus
751 996 802 1049 est
818 995 876 1049 aut
892 985 988 1049 bello
1037 985 1083 1049 Et
1100 985 1239 1050 Cerialis

189 1091 323 1173 quidem
339 1090 476 1155 alterius
493 1089 696 1155 successoris
712 1108 825 1153 curam
847 1085 1036 1171 famamque
1052 1089 1239 1166 obruisset;

188 1195 293 1259 subiit
315 1195 540 1277 sustinuitque
568 1194 689 1257 molem
716 1193 826 1273 Julius
855 1192 1049 1268 Frontinus,
1074 1193 1125 1255 vir
1151 1213 1239 1275 mag-

190 1320 262 1374 nus,
280 1309 441 1381 quantum
462 1298 592 1373 licebat,
610 1297 820 1379 validamque
836 1306 870 1360 et
886 1317 1073 1379 pugnacem
1091 1296 1237 1360 Silurum

188 1413 326 1485 gentem
342 1402 442 1466 armis
459 1402 601 1484 subegit,
620 1421 722 1484 super
740 1401 899 1464 virtutem
916 1401 1063 1465 hostium
1089 1399 1238 1465 locorum

188 1526 320 1589 quoque
336 1505 550 1570 difficultates
567 1502 742 1570 eluctatus.

231 1629 329 1675 xvnr.
363 1611 467 1674 Hunc
493 1610 687 1673 Britanniae
712 1619 846 1684 statum,
873 1610 934 1672 has
959 1608 1120 1673 bellorum
1146 1608 1237 1673 vices

188 1714 299 1778 media
322 1714 389 1796 jam
415 1723 544 1778 aestate
567 1723 798 1796 transgressus
819 1711 981 1795 Agricola
1003 1713 1140 1788 invenit,
1161 1733 1237 1777 cum

188 1828 223 1882 et
245 1818 367 1882 milites
394 1819 487 1882 velut
509 1819 633 1882 omissa
655 1817 868 1900 expeditione
898 1817 939 1880 ad
963 1817 1175 1881 securitatem
1204 1826 1237 1881 et

188 1923 304 1986 hostes
327 1924 369 1986 ad
391 1921 602 1986 occasionem
619 1931 840 1986 verterentur.
889 1920 1093 1985 Ordovicum
1110 1920 1235 1996 civitas

187 2027 276 2089 haud
301 2026 406 2089 multo
431 2036 510 2089 ante
536 2027 717 2089 adventum
743 2025 826 2107 ejus,
852 2024 937 2088 alam
961 2025 995 2087 in
1021 2024 1143 2087 finibus
1168 2025 1237 2088 suis

188 2138 345 2212 agentem
362 2149 465 2211 prope
482 2129 671 2192 universam
688 2129 880 2204 obtriverat,
895 2147 1002 2211 eoque
1018 2127 1113 2190 initio
1127 2138 1239 2192 erecta

93 2259 95 2262 ·
187 2233 376 2314 provincia;
407 2242 441 2296 et
475 2232 596 2314 quibus
620 2231 745 2297 bellum
772 2232 962 2296 volentibus
990 2241 1070 2307 erat,
1097 2233 1238 2312 probare

188 2337 386 2418 exemplum,
419 2357 457 2400 ac
488 2336 635 2400 recentis
665 2336 768 2419 legati
798 2336 946 2400 animum
977 2335 1128 2417 opperiri,
1161 2356 1237 2399 cum

188 2439 358 2521 Agricola,
377 2461 576 2522 quamquam
600 2450 792 2505 transvecta
813 2449 933 2513 aestas,
952 2439 1058 2521 sparsi
1083 2459 1143 2521 per
1167 2459 1239 2520 pro-

187 2544 331 2607 vinciam
357 2544 495 2619 numeri,
524 2554 740 2625 praesumpta
764 2545 851 2626 apud
878 2543 1019 2607 militem
1046 2543 1134 2607 illius
1158 2542 1238 2606 anni

188 2647 291 2729 quies,
310 2648 404 2710 tarda
419 2657 453 2711 et
470 2647 636 2711 contraria
651 2647 775 2711 bellum
792 2647 998 2722 incohaturo,
1016 2656 1051 2711 et
1070 2646 1237 2729 plerisque
1336 2735 1338 2740 Ι

188 2751 348 2815 custodiri
361 2761 517 2832 suspecta
529 2751 641 2833 potius
653 2751 837 2826 videbatur,
849 2752 897 2815 ire
910 2750 1041 2815 obviam
1053 2750 1237 2815 discrimini

188 2854 325 2931 statuit;
342 2855 590 2937 contractisque
602 2854 773 2937 legionum
786 2855 916 2920 vexillis
932 2864 967 2919 et
982 2855 1113 2918 modica
1127 2853 1239 2918 auxili-

187 2977 283 3019 orum
313 2979 423 3034 manu,
452 2958 529 3041 quia
555 2958 590 3021 in
617 2979 761 3041 aequum
788 2959 926 3041 degredi
954 2958 1138 3022 Ordovices
1169 2978 1237 3021 non

188 3061 364 3137 audebant,
397 3061 469 3143 ipse
500 3071 579 3126 ante
610 3083 741 3145 agmen,
770 3083 835 3145 quo
867 3062 987 3127 ceteris
1018 3082 1078 3145 par
1107 3061 1238 3126 animus

189 3163 287 3227 simili
303 3165 451 3246 periculo
468 3175 568 3240 esset,
587 3167 692 3230 erexit
707 3167 831 3232 aciem·
860 3166 1033 3249 Caesaque
1049 3187 1153 3248 prope
1169 3166 1239 3229 uni-

187 3288 285 3332 versa
308 3279 419 3350 gente,
447 3290 515 3332 non
541 3270 677 3352 ignarus
702 3271 894 3335 instandum
918 3268 1036 3347 famae,
1065 3291 1113 3346 ac,
1139 3278 1238 3353 prout

187 3372 294 3453 prima
309 3373 501 3450 cessissent,
520 3383 681 3438 terrorem
700 3375 822 3439 ceteris
837 3372 918 3451 lore,
934 3375 1072 3438 Monam
1084 3373 1236 3450 insulam,

188 3476 283 3557 cujus
299 3478 515 3558 possessione
532 3490 724 3543 revocatum
742 3479 916 3542 Paulinum
936 3479 1118 3543 rebellione
1134 3479 1238 3542 totius

188 3579 381 3645 Britanniae
416 3602 516 3664 supra
550 3583 750 3659 memoravi,
777 3583 929 3665 redigere
965 3583 999 3645 in
1035 3591 1237 3664 potestatem

187 3683 297 3747 animo
332 3685 486 3751 intendit.
558 3687 627 3751 Sed
669 3697 706 3751 ut
740 3687 774 3750 in
805 3687 914 3750 dubiis
945 3686 1093 3750 consiliis
1135 3706 1238 3749 naves

186 3787 344 3867 deerant;
368 3789 452 3853 ratio
471 3800 504 3854 et
521 3791 711 3855 constantia
726 3791 820 3856 ducis
837 3790 1032 3854 transvexit.
1064 3789 1237 3871 Depositis

186 3891 342 3956 omnibus
369 3893 509 3958 sarcinis
547 3893 749 3959 lectissimos
772 3893 987 3969 auxiliarium,
1014 3892 1134 3974 quibus
1158 3902 1238 3955 nota

1286 804 1298 844 5

1273 1329 1300 1357 10

1272 3923 1296 3962 35
