2780 4320
348 270 699 322 ANNOUNCEMENTS
723 272 771 322 OF
788 273 885 323 NEW
903 273 1036 324 BOOKS.
1185 270 1213 328 xi

11 701 18 726 ι
79 587 81 592 ·
128 543 309 699 ¹Cinn
360 545 416 654 &
473 509 694 654 Heath’s
745 500 997 714 Classical
1045 549 1213 658 Atlas.

142 760 316 832 ‘Containing
339 774 371 826 23
393 762 503 813 Colored
523 764 607 828 Maps‚
630 747 682 815 and
704 780 720 813 a
742 764 866 829 complete
887 765 976 816 Index.
1010 766 1066 818 Size
1084 767 1114 817 oi
1132 768 1216 834 Maps,

423 852 424 855 ’
434 858 463 914 15
471 855 495 903 Χ
504 851 533 896 12
544 847 632 898 inches
642 865 650 908 ς
672 847 759 897 iolded
770 847 826 908 8vo,
840 847 948 914 7ix12.

160 1109 209 1138 mr
569 1017 815 1078 CONTENTS.

79 1158 82 1165 '
181 1179 202 1215 1.
224 1165 298 1218 Plan
315 1164 348 1213 oi
356 1165 457 1226 Rome,
471 1165 528 1215 and
541 1165 731 1214 illustrations
744 1165 776 1214 oi
785 1165 923 1216 Classical
935 1166 1021 1216 sites.

178 1261 202 1297 2.
226 1248 288 1296 The
300 1247 402 1297 World
414 1261 447 1296 as
459 1248 561 1297 known
574 1255 603 1297 to
615 1248 663 1296 the
676 1247 824 1305 Ancients.
874 1299 876 1303 ,

178 1341 202 1392 3.
226 1331 295 1393 Map
307 1329 340 1378 oi
348 1331 396 1379 the
409 1339 490 1379 outer
501 1331 673 1394 Geography
684 1330 716 1378 oi
725 1331 773 1378 the
787 1330 928 1392 Odyssey.

168 1426 202 1475 ·4.
225 1407 310 1461 Orbis
325 1412 476 1462 Terrarum
491 1412 534 1476 (et
550 1412 617 1462 Orh.
637 1411 765 1474 Homeri,
785 1412 932 1473 Herodoti,
952 1413 1116 1475 Democriti,
1135 1415 1213 1470 Stra-

259 1494 354 1555 bonis,
367 1493 540 1559 Ptolemaei).

177 1569 377 1643 5.'Hispania.
480 1625 482 1628 .

176 1659 200 1709 6.
224 1659 323 1708 Gallia.

177 1753 202 1806 7.
226 1741 333 1805 Insula
343 1741 516 1791 Britannicae
526 1741 568 1806 (et
580 1741 650 1792 Erit.
661 1741 819 1804 Strabonis,
827 1742 896 1793 Brit.
912 1742 1069 1804 Ptolemaei,
1081 1742 1162 1809 etc).

176 1823 202 1873 8.
225 1824 387 1884 Germania,
399 1824 567 1884 Vindelicia,
580 1825 702 1884 Rhmtia,
715 1831 744 1873 et
756 1824 902 1876 Noricum.

175 1919 200 1968 9.
223 1905 382 1966 Pannonia,
395 1906 493 1966 Dacia,
507 1907 660 1968 Illyricum,
674 1907 786 1968 Moesia,
800 1907 979 1970 Macedonia,
991 1915 1020 1958 et
1031 1907 1161 1958 Thracia.

162 2000 201 2038 10.
225 1989 308 2037 Italia
320 1989 455 2052 Superior
466 1997 495 2038 et
506 1989 630 2038 Corsica.

161 2083 200 2120 11.
219 2071 307 2120 ltalia
327 2071 454 2131 Inferior,
473 2071 578 2132 Sicilia,
597 2079 626 2120 et
646 2071 777 2121 Sardinia
800 2071 842 2136 (et
863 2071 1029 2136 Campania,
1052 2072 1209 2136 Syracusae,

258 2153 374 2216 Roma).
880 2201 887 2212 .

160 2248 199 2286 12.
224 2234 380 2300 imperium
392 2237 557 2285 Romanum
572 2235 614 2300 (et
626 2236 700 2301 Imp.
713 2237 797 2287 Rom.
810 2236 917 2287 Orient.
931 2244 960 2287 et
972 2236 1095 2302 occid).

161 2331 199 2382 ¹3·
222 2319 331 2368 Gracia
345 2319 529 2383 (etAthenae,
543 2321 705 2379 Marathon,
719 2318 945 2384 Thermopyla).

160 2413 199 2462 ¹4·
224 2401 450 2466 Peloponnesus,
463 2402 566 2462 Attica,
580 2403 700 2462 Boeotia,
715 2402 829 2462 Phocis,
842 2402 958 2462 AEtolia,
972 2410 1000 2452 et
1011 2402 1180 2452 Acarnania.

6 2491 9 2514 ¹
39 2523 43 2536 ‚
149 2494 199 2548 v15.
222 2484 331 2532 Graecia
354 2498 371 2532 a
395 2484 477 2532 Bello
494 2484 749 2548 Peloponnesiaco,
767 2497 858 2546 usque
877 2485 913 2533 ad
932 2484 1095 2548 Philippum
1114 2485 1152 2533 11.
1168 2483 1210 2548 (et

258 2566 414 2626 Mantum,
428 2567 558 2626 Leuctra,
572 2566 704 2630 Plataea).

160 2648 198 2697 16.
219 2649 289 2697 Asia
299 2648 445 2712 Minor,(et
453 2648 580 2712 Campus
590 2644 692 2710 Troiae,
702 2649 860 2712 Bosporus,
869 2649 967 2708 Troas,
977 2649 1066 2709 Ionia,
1075 2647 1155 2713 etc).

159 2743 198 2794 17.
222 2731 303 2792 Syria
315 2738 343 2780 et
355 2731 501 2780 Palestina
516 2730 557 2794 (et
570 2731 781 2793 Hierosolyma,
796 2731 875 2795 etc.).

139 2811 197 2862 118.
220 2813 364 2873 Armenia,
389 2813 609 2877 Mesopotamia,
634 2814 803 2876 Babylonia,
827 2813 946 2876 Assyria
968 2814 1011 2878 (et
1033 2814 1090 2863 lter
1112 2813 1208 2862 Xeno·

117 2942 119 2946 .
255 2895 396 2959 phontis).

6 2959 16 2984 ⁹
159 2989 197 3039 19.
222 2978 355 3040 Regnum
368 2978 520 3027 Alexandri
533 2979 633 3041 Magni
648 2978 690 3042 (et
702 2977 850 3038 Granicus,
864 2978 956 3039 Issus,
968 2975 1096 3041 Arbela).

156 3072 197 3110 ao.
222 3060 321 3108 Persia
333 3068 362 3109 et
374 3061 455 3109 lndia
471 3059 513 3123 (et
526 3061 608 3110 lndia
622 3061 796 3124 Ptolomaei).
843 3109 847 3117 ,
962 3117 964 3122 ,

156 3154 197 3192 21.
220 3143 375 3205 AEgyptua,
387 3143 501 3203 Arabia,
517 3152 546 3192 et
557 3143 706 3208 AEthiopia
721 3144 763 3207 (et
773 3145 899 3205 AEgytus
912 3141 1055 3206 inferior).

155 3237 194 3272 22.
217 3225 312 3272 Africa
326 3223 368 3287 (et
380 3224 532 3287 Carthago,
547 3226 725 3286 Alexandria,
739 3225 876 3275 Numidia
888 3232 916 3274 et
927 3222 1022 3274 Africa
1036 3223 1177 3288 Propria).

6 3307 10 3322 ¹
58 3365 61 3368 Ι
111 3287 116 3304 ’
155 3319 195 3370 23.
219 3307 342 3370 Europe,
355 3307 487 3370 showing
496 3309 544 3356 the
553 3308 668 3382 general
677 3307 812 3357 direction
822 3308 853 3356 ol
862 3308 910 3356 the
921 3306 1076 3356 Barbarian
1088 3305 1206 3357 lnroada

254 3389 357 3451 during
368 3390 416 3439 the
429 3390 547 3439 Decline
560 3391 616 3439 and
629 3389 690 3438 Fall
701 3390 733 3438 ol
744 3391 792 3440 the
805 3390 918 3438 Roman
931 3389 1056 3453 Empire.
1247 3385 1251 3393 '

179 3519 182 3524 .
221 3471 318 3520 Index.
767 3463 769 3470 '
977 3471 1079 3536 [Ready
1090 3472 1119 3520 in
1131 3470 1206 3534 July.

155 3651 247 3714 uniti
268 3650 293 3714 h
311 3650 448 3727 HEA'I'H,
468 3651 642 3728 Publishors,
662 3652 779 3727 Bocton,
800 3651 869 3714 Now
885 3651 972 3726 Yorlr,
993 3650 1049 3712 aud
1069 3649 1203 3732 Ohioago.
