<?xml version="1.0" encoding="UTF-8"?>
<!DOCTYPE html PUBLIC "-//W3C//DTD XHTML 1.0 Transitional//EN"
    "http://www.w3.org/TR/xhtml1/DTD/xhtml1-transitional.dtd">
<html xmlns="http://www.w3.org/1999/xhtml" xml:lang="en" lang="en">
 <head>
  <title>
</title>
<meta http-equiv="Content-Type" content="text/html;charset=utf-8" />
  <meta name='ocr-system' content='tesseract 3.04.00' />
  <meta name='ocr-capabilities' content='ocr_page ocr_carea ocr_par ocr_line ocrx_word'/>
</head>
<body>
  <div class='ocr_page' id='page_1' title='image "./pcornelitacitiv01tacigoog_0033.png"; bbox 0 0 2780 4320; ppageno 0'>
   <div class='ocr_carea' id='block_1_1' title="bbox 181 190 908 277">
    <p class='ocr_par' dir='ltr' id='par_1_1' title="bbox 181 190 908 277">
     <span class='ocr_line' id='line_1_1' title="bbox 181 190 908 277; baseline -0.003 -17"><span class='ocrx_word' id='word_1_1' title='bbox 181 211 225 260; x_wconf 90' lang='lat'>20</span> <span class='ocrx_word' id='word_1_2' title='bbox 504 193 570 277; x_wconf 76' lang='lat' dir='ltr'>The</span> <span class='ocrx_word' id='word_1_3' title='bbox 592 190 670 275; x_wconf 74' lang='lat' dir='ltr'>Life</span> <span class='ocrx_word' id='word_1_4' title='bbox 691 191 908 276; x_wconf 74' lang='lat' dir='ltr'>osAgn&#39;cola,</span> 
     </span>
    </p>
   </div>
   <div class='ocr_carea' id='block_1_2' title="bbox 116 373 1273 3978">
    <p class='ocr_par' dir='ltr' id='par_1_2' title="bbox 116 373 1273 3978">
     <span class='ocr_line' id='line_1_2' title="bbox 180 373 1232 462; baseline 0.003 -20"><span class='ocrx_word' id='word_1_5' title='bbox 180 381 338 442; x_wconf 89' lang='lat' dir='ltr'>adversus</span> <span class='ocrx_word' id='word_1_6' title='bbox 369 377 474 460; x_wconf 87' lang='lat' dir='ltr'>ipsam</span> <span class='ocrx_word' id='word_1_7' title='bbox 506 397 616 440; x_wconf 91' lang='lat' dir='ltr'>rerum</span> <span class='ocrx_word' id='word_1_8' title='bbox 645 385 797 439; x_wconf 89' lang='lat' dir='ltr'>naturam</span> <span class='ocrx_word' id='word_1_9' title='bbox 825 394 910 458; x_wconf 90' lang='lat' dir='ltr'>opus</span> <span class='ocrx_word' id='word_1_10' title='bbox 936 373 1009 454; x_wconf 88' lang='lat' dir='ltr'>fuit,</span> <span class='ocrx_word' id='word_1_11' title='bbox 1039 399 1149 462; x_wconf 90' lang='lat' dir='ltr'>neque</span> <span class='ocrx_word' id='word_1_12' title='bbox 1176 401 1232 445; x_wconf 92' lang='lat' dir='ltr'>me</span> 
     </span>
     <span class='ocr_line' id='line_1_3' title="bbox 180 481 1231 566; baseline 0.004 -22"><span class='ocrx_word' id='word_1_13' title='bbox 180 483 321 544; x_wconf 91' lang='lat' dir='ltr'>militum</span> <span class='ocrx_word' id='word_1_14' title='bbox 345 502 454 564; x_wconf 89' lang='lat' dir='ltr'>neque</span> <span class='ocrx_word' id='word_1_15' title='bbox 473 497 532 543; x_wconf 90' lang='lat' dir='ltr'>vos</span> <span class='ocrx_word' id='word_1_16' title='bbox 552 481 645 544; x_wconf 89' lang='lat' dir='ltr'>ducis</span> <span class='ocrx_word' id='word_1_17' title='bbox 670 481 842 564; x_wconf 88' lang='lat' dir='ltr'>paenituit.</span> <span class='ocrx_word' id='word_1_18' title='bbox 892 481 984 563; x_wconf 87' lang='lat' dir='ltr'>Ergo</span> <span class='ocrx_word' id='word_1_19' title='bbox 1008 485 1144 564; x_wconf 87' lang='lat' dir='ltr'>egressi,</span> <span class='ocrx_word' id='word_1_20' title='bbox 1165 505 1231 566; x_wconf 85' lang='lat' dir='ltr'>ego</span> 
     </span>
     <span class='ocr_line' id='line_1_4' title="bbox 179 584 1228 666; baseline 0.002 -18"><span class='ocrx_word' id='word_1_21' title='bbox 179 596 330 649; x_wconf 89' lang='lat' dir='ltr'>veterum</span> <span class='ocrx_word' id='word_1_22' title='bbox 353 585 547 666; x_wconf 89' lang='lat' dir='ltr'>legatorum,</span> <span class='ocrx_word' id='word_1_23' title='bbox 571 604 631 646; x_wconf 91' lang='lat' dir='ltr'>vos</span> <span class='ocrx_word' id='word_1_24' title='bbox 655 584 800 664; x_wconf 85' lang='lat' dir='ltr'>priorum</span> <span class='ocrx_word' id='word_1_25' title='bbox 825 585 1031 648; x_wconf 85' lang='lat' dir='ltr'><strong>exercituum</strong></span> <span class='ocrx_word' id='word_1_26' title='bbox 1056 589 1228 663; x_wconf 90' lang='lat' dir='ltr'>terminos,</span> 
     </span>
     <span class='ocr_line' id='line_1_5' title="bbox 179 675 1230 775; baseline 0.002 -23"><span class='ocrx_word' id='word_1_27' title='bbox 179 691 281 752; x_wconf 86' lang='lat' dir='ltr'>finem</span> <span class='ocrx_word' id='word_1_28' title='bbox 305 688 497 751; x_wconf 86' lang='lat' dir='ltr'>Britanniae</span> <span class='ocrx_word' id='word_1_29' title='bbox 520 707 587 750; x_wconf 92' lang='lat' dir='ltr'>non</span> <span class='ocrx_word' id='word_1_30' title='bbox 611 683 700 749; x_wconf 89' lang='lat' dir='ltr'>fama</span> <span class='ocrx_word' id='word_1_31' title='bbox 724 675 787 750; x_wconf 87' lang='lat' dir='ltr'>nec</span> <span class='ocrx_word' id='word_1_32' title='bbox 809 708 950 762; x_wconf 88' lang='lat' dir='ltr'>rumore,</span> <span class='ocrx_word' id='word_1_33' title='bbox 970 690 1028 752; x_wconf 89' lang='lat' dir='ltr'>sed</span> <span class='ocrx_word' id='word_1_34' title='bbox 1053 691 1170 775; x_wconf 85' lang='lat' dir='ltr'>castris</span> <span class='ocrx_word' id='word_1_35' title='bbox 1194 702 1230 754; x_wconf 91' lang='lat' dir='ltr'>et</span> 
     </span>
     <span class='ocr_line' id='line_1_6' title="bbox 179 789 1230 877; baseline 0 -20"><span class='ocrx_word' id='word_1_36' title='bbox 179 794 278 857; x_wconf 89' lang='lat' dir='ltr'>armis</span> <span class='ocrx_word' id='word_1_37' title='bbox 302 801 465 856; x_wconf 89' lang='lat' dir='ltr'>tenemus.</span> <span class='ocrx_word' id='word_1_38' title='bbox 514 791 657 853; x_wconf 89' lang='lat' dir='ltr'>Inventa</span> <span class='ocrx_word' id='word_1_39' title='bbox 681 789 854 854; x_wconf 87' lang='lat' dir='ltr'>Britannia</span> <span class='ocrx_word' id='word_1_40' title='bbox 877 801 911 854; x_wconf 90' lang='lat' dir='ltr'>et</span> <span class='ocrx_word' id='word_1_41' title='bbox 935 793 1080 857; x_wconf 83' lang='lat' dir='ltr'>subacta</span> <span class='ocrx_word' id='word_1_42' title='bbox 1130 795 1230 877; x_wconf 93' lang='lat' dir='ltr'>Equi-</span> 
     </span>
     <span class='ocr_line' id='line_1_7' title="bbox 179 893 1228 977; baseline 0.003 -18"><span class='ocrx_word' id='word_1_43' title='bbox 179 898 254 960; x_wconf 87' lang='lat' dir='ltr'>dem</span> <span class='ocrx_word' id='word_1_44' title='bbox 282 916 382 977; x_wconf 88' lang='lat' dir='ltr'>saepe</span> <span class='ocrx_word' id='word_1_45' title='bbox 409 895 442 957; x_wconf 91' lang='lat' dir='ltr'>in</span> <span class='ocrx_word' id='word_1_46' title='bbox 470 893 612 976; x_wconf 85' lang='lat' dir='ltr'>agmine,</span> <span class='ocrx_word' id='word_1_47' title='bbox 638 913 713 956; x_wconf 91' lang='lat' dir='ltr'>cum</span> <span class='ocrx_word' id='word_1_48' title='bbox 737 913 797 957; x_wconf 91' lang='lat' dir='ltr'>vos</span> <span class='ocrx_word' id='word_1_49' title='bbox 825 895 964 976; x_wconf 90' lang='lat' dir='ltr'>paludes</span> <span class='ocrx_word' id='word_1_50' title='bbox 991 907 1166 960; x_wconf 82' lang='lat' dir='ltr'>montesve</span> <span class='ocrx_word' id='word_1_51' title='bbox 1193 908 1228 962; x_wconf 91' lang='lat' dir='ltr'>et</span> 
     </span>
     <span class='ocr_line' id='line_1_8' title="bbox 178 995 1228 1080; baseline 0.002 -18"><span class='ocrx_word' id='word_1_52' title='bbox 178 1000 316 1062; x_wconf 89' lang='lat' dir='ltr'>flumina</span> <span class='ocrx_word' id='word_1_53' title='bbox 332 997 521 1080; x_wconf 83' lang='lat' dir='ltr'>fatigarent,</span> <span class='ocrx_word' id='word_1_54' title='bbox 538 995 712 1060; x_wconf 83' lang='lat' dir='ltr'>fortissimi</span> <span class='ocrx_word' id='word_1_55' title='bbox 736 997 899 1080; x_wconf 83' lang='lat' dir='ltr'>cujusque</span> <span class='ocrx_word' id='word_1_56' title='bbox 915 1019 1016 1062; x_wconf 89' lang='lat' dir='ltr'>voces</span> <span class='ocrx_word' id='word_1_57' title='bbox 1032 1001 1228 1064; x_wconf 86' lang='lat' dir='ltr'>audiebam:</span> 
     </span>
     <span class='ocr_line' id='line_1_9' title="bbox 177 1101 1228 1184; baseline 0.001 -19"><span class='ocrx_word' id='word_1_58' title='bbox 177 1104 309 1184; x_wconf 89' lang='lat' dir='ltr'>quando</span> <span class='ocrx_word' id='word_1_59' title='bbox 326 1103 457 1165; x_wconf 89' lang='lat' dir='ltr'>dabitur</span> <span class='ocrx_word' id='word_1_60' title='bbox 480 1101 595 1175; x_wconf 90' lang='lat' dir='ltr'>hostis,</span> <span class='ocrx_word' id='word_1_61' title='bbox 614 1101 747 1182; x_wconf 90' lang='lat' dir='ltr'>quando</span> <span class='ocrx_word' id='word_1_62' title='bbox 771 1101 882 1164; x_wconf 89' lang='lat' dir='ltr'>acies?</span> <span class='ocrx_word' id='word_1_63' title='bbox 926 1102 1088 1180; x_wconf 89' lang='lat' dir='ltr'>Veniunt,</span> <span class='ocrx_word' id='word_1_64' title='bbox 1107 1123 1125 1166; x_wconf 90' lang='lat' dir='ltr'>e</span> <span class='ocrx_word' id='word_1_65' title='bbox 1148 1103 1228 1166; x_wconf 86' lang='lat' dir='ltr'>late·</span> 
     </span>
     <span class='ocr_line' id='line_1_10' title="bbox 177 1189 1227 1290; baseline 0.001 -21"><span class='ocrx_word' id='word_1_66' title='bbox 177 1207 245 1269; x_wconf 90' lang='lat' dir='ltr'>bris</span> <span class='ocrx_word' id='word_1_67' title='bbox 262 1189 331 1268; x_wconf 90' lang='lat' dir='ltr'>suis</span> <span class='ocrx_word' id='word_1_68' title='bbox 347 1205 491 1280; x_wconf 88' lang='lat' dir='ltr'>extrusi;</span> <span class='ocrx_word' id='word_1_69' title='bbox 515 1214 548 1266; x_wconf 90' lang='lat' dir='ltr'>et</span> <span class='ocrx_word' id='word_1_70' title='bbox 565 1213 643 1267; x_wconf 95' lang='lat' dir='ltr'>vota</span> <span class='ocrx_word' id='word_1_71' title='bbox 658 1203 830 1286; x_wconf 89' lang='lat' dir='ltr'>virtusque</span> <span class='ocrx_word' id='word_1_72' title='bbox 850 1205 883 1266; x_wconf 96' lang='lat' dir='ltr'>in</span> <span class='ocrx_word' id='word_1_73' title='bbox 906 1216 1030 1287; x_wconf 88' lang='lat' dir='ltr'>apert0,</span> <span class='ocrx_word' id='word_1_74' title='bbox 1049 1208 1227 1290; x_wconf 89' lang='lat' dir='ltr'>omniaque</span> 
     </span>
     <span class='ocr_line' id='line_1_11' title="bbox 177 1307 1227 1390; baseline 0.002 -18"><span class='ocrx_word' id='word_1_75' title='bbox 177 1330 282 1390; x_wconf 91' lang='lat' dir='ltr'>prona</span> <span class='ocrx_word' id='word_1_76' title='bbox 297 1307 487 1380; x_wconf 74' lang='lat' dir='ltr'>victoribus</span> <span class='ocrx_word' id='word_1_77' title='bbox 505 1317 604 1389; x_wconf 89' lang='lat' dir='ltr'>atque</span> <span class='ocrx_word' id='word_1_78' title='bbox 626 1308 742 1370; x_wconf 88' lang='lat' dir='ltr'>eadem</span> <span class='ocrx_word' id='word_1_79' title='bbox 758 1307 857 1371; x_wconf 91' lang='lat' dir='ltr'>victis</span> <span class='ocrx_word' id='word_1_80' title='bbox 878 1308 1024 1374; x_wconf 88' lang='lat' dir='ltr'>adversa.</span> <span class='ocrx_word' id='word_1_81' title='bbox 1074 1311 1170 1385; x_wconf 89' lang='lat' dir='ltr'>Nam,</span> <span class='ocrx_word' id='word_1_82' title='bbox 1190 1321 1227 1374; x_wconf 94' lang='lat' dir='ltr'>ut</span> 
     </span>
     <span class='ocr_line' id='line_1_12' title="bbox 178 1410 1226 1493; baseline 0.003 -19"><span class='ocrx_word' id='word_1_83' title='bbox 178 1432 352 1493; x_wconf 89' lang='lat' dir='ltr'>superasse</span> <span class='ocrx_word' id='word_1_84' title='bbox 390 1420 520 1473; x_wconf 90' lang='lat' dir='ltr'>tantum</span> <span class='ocrx_word' id='word_1_85' title='bbox 558 1410 697 1486; x_wconf 91' lang='lat' dir='ltr'>itineris,</span> <span class='ocrx_word' id='word_1_86' title='bbox 735 1410 835 1473; x_wconf 92' lang='lat' dir='ltr'>silvas</span> <span class='ocrx_word' id='word_1_87' title='bbox 873 1412 1028 1488; x_wconf 89' lang='lat' dir='ltr'>evasisse,</span> <span class='ocrx_word' id='word_1_88' title='bbox 1064 1415 1226 1479; x_wconf 90' lang='lat' dir='ltr'>transisse</span> 
     </span>
     <span class='ocr_line' id='line_1_13' title="bbox 177 1511 1227 1600; baseline 0.002 -22"><span class='ocrx_word' id='word_1_89' title='bbox 177 1515 341 1578; x_wconf 88' lang='lat' dir='ltr'>aestuaria</span> <span class='ocrx_word' id='word_1_90' title='bbox 360 1515 533 1596; x_wconf 92' lang='lat' dir='ltr'>pulchrum</span> <span class='ocrx_word' id='word_1_91' title='bbox 555 1534 593 1578; x_wconf 89' lang='lat' dir='ltr'>ac</span> <span class='ocrx_word' id='word_1_92' title='bbox 610 1515 767 1578; x_wconf 89' lang='lat' dir='ltr'>decorum</span> <span class='ocrx_word' id='word_1_93' title='bbox 792 1514 826 1576; x_wconf 94' lang='lat' dir='ltr'>in</span> <span class='ocrx_word' id='word_1_94' title='bbox 849 1511 1013 1592; x_wconf 81' lang='lat' dir='ltr'>frontem3</span> <span class='ocrx_word' id='word_1_95' title='bbox 1036 1517 1083 1580; x_wconf 90' lang='lat' dir='ltr'>ita</span> <span class='ocrx_word' id='word_1_96' title='bbox 1097 1515 1227 1600; x_wconf 81' lang='lat' dir='ltr'>lugien-</span> 
     </span>
     <span class='ocr_line' id='line_1_14' title="bbox 177 1617 1225 1700; baseline -0.001 -18"><span class='ocrx_word' id='word_1_97' title='bbox 177 1620 265 1682; x_wconf 90' lang='lat' dir='ltr'>tibus</span> <span class='ocrx_word' id='word_1_98' title='bbox 296 1617 585 1700; x_wconf 89' lang='lat' dir='ltr'>periculosissima,</span> <span class='ocrx_word' id='word_1_99' title='bbox 617 1638 701 1700; x_wconf 90' lang='lat' dir='ltr'>quae</span> <span class='ocrx_word' id='word_1_100' title='bbox 739 1617 839 1681; x_wconf 91' lang='lat' dir='ltr'>hodie</span> <span class='ocrx_word' id='word_1_101' title='bbox 876 1621 1099 1700; x_wconf 90' lang='lat' dir='ltr'>prosperrima</span> <span class='ocrx_word' id='word_1_102' title='bbox 1135 1627 1225 1685; x_wconf 87' lang='lat' dir='ltr'>sunt.</span> 
     </span>
     <span class='ocr_line' id='line_1_15' title="bbox 178 1721 1227 1805; baseline 0.001 -20"><span class='ocrx_word' id='word_1_103' title='bbox 178 1723 297 1805; x_wconf 88' lang='lat' dir='ltr'>Neque</span> <span class='ocrx_word' id='word_1_104' title='bbox 314 1723 402 1785; x_wconf 92' lang='lat' dir='ltr'>enim</span> <span class='ocrx_word' id='word_1_105' title='bbox 419 1722 516 1784; x_wconf 93' lang='lat' dir='ltr'>nobis</span> <span class='ocrx_word' id='word_1_106' title='bbox 532 1731 589 1784; x_wconf 91' lang='lat' dir='ltr'>aut</span> <span class='ocrx_word' id='word_1_107' title='bbox 604 1721 752 1784; x_wconf 91' lang='lat' dir='ltr'>locorum</span> <span class='ocrx_word' id='word_1_108' title='bbox 774 1723 891 1786; x_wconf 88' lang='lat' dir='ltr'>eadem</span> <span class='ocrx_word' id='word_1_109' title='bbox 915 1723 1034 1787; x_wconf 90' lang='lat' dir='ltr'>notitia</span> <span class='ocrx_word' id='word_1_110' title='bbox 1057 1734 1115 1787; x_wconf 90' lang='lat' dir='ltr'>aut</span> <span class='ocrx_word' id='word_1_111' title='bbox 1139 1745 1227 1788; x_wconf 91' lang='lat' dir='ltr'>com-</span> 
     </span>
     <span class='ocr_line' id='line_1_16' title="bbox 177 1824 1225 1900; baseline 0.002 -12"><span class='ocrx_word' id='word_1_112' title='bbox 177 1835 345 1889; x_wconf 88' lang='lat' dir='ltr'>meatuum</span> <span class='ocrx_word' id='word_1_113' title='bbox 362 1826 478 1889; x_wconf 88' lang='lat' dir='ltr'>eadem</span> <span class='ocrx_word' id='word_1_114' title='bbox 494 1824 715 1900; x_wconf 74' lang='lat' dir='ltr'>abundantia,</span> <span class='ocrx_word' id='word_1_115' title='bbox 739 1825 798 1888; x_wconf 92' lang='lat' dir='ltr'>sed</span> <span class='ocrx_word' id='word_1_116' title='bbox 821 1845 941 1889; x_wconf 89' lang='lat' dir='ltr'>manus</span> <span class='ocrx_word' id='word_1_117' title='bbox 965 1835 999 1890; x_wconf 90' lang='lat' dir='ltr'>et</span> <span class='ocrx_word' id='word_1_118' title='bbox 1022 1847 1113 1890; x_wconf 89' lang='lat' dir='ltr'>arma</span> <span class='ocrx_word' id='word_1_119' title='bbox 1134 1836 1168 1890; x_wconf 92' lang='lat' dir='ltr'>et</span> <span class='ocrx_word' id='word_1_120' title='bbox 1189 1828 1225 1890; x_wconf 94' lang='lat' dir='ltr'>in</span> 
     </span>
     <span class='ocr_line' id='line_1_17' title="bbox 177 1929 1226 2012; baseline 0.003 -21"><span class='ocrx_word' id='word_1_121' title='bbox 177 1929 229 1992; x_wconf 87' lang='lat' dir='ltr'>his</span> <span class='ocrx_word' id='word_1_122' title='bbox 252 1929 371 1992; x_wconf 92' lang='lat' dir='ltr'>omnia.</span> <span class='ocrx_word' id='word_1_123' title='bbox 420 1929 519 2010; x_wconf 83' lang='lat' dir='ltr'>Quod</span> <span class='ocrx_word' id='word_1_124' title='bbox 543 1929 583 1990; x_wconf 90' lang='lat' dir='ltr'>ad</span> <span class='ocrx_word' id='word_1_125' title='bbox 607 1947 661 1991; x_wconf 91' lang='lat' dir='ltr'>me</span> <span class='ocrx_word' id='word_1_126' title='bbox 684 1929 814 2004; x_wconf 89' lang='lat' dir='ltr'>attinet,</span> <span class='ocrx_word' id='word_1_127' title='bbox 831 1929 900 2010; x_wconf 85' lang='lat' dir='ltr'>jam</span> <span class='ocrx_word' id='word_1_128' title='bbox 921 1930 1049 2012; x_wconf 88' lang='lat' dir='ltr'>pridem</span> <span class='ocrx_word' id='word_1_129' title='bbox 1071 1931 1153 1993; x_wconf 89' lang='lat' dir='ltr'>mihi</span> <span class='ocrx_word' id='word_1_130' title='bbox 1171 1931 1226 1994; x_wconf 91' lang='lat' dir='ltr'>de-</span> 
     </span>
     <span class='ocr_line' id='line_1_18' title="bbox 177 2031 1221 2116; baseline 0.004 -21"><span class='ocrx_word' id='word_1_131' title='bbox 177 2042 303 2095; x_wconf 89' lang='lat' dir='ltr'>cretum</span> <span class='ocrx_word' id='word_1_132' title='bbox 321 2043 372 2095; x_wconf 92' lang='lat' dir='ltr'>est</span> <span class='ocrx_word' id='word_1_133' title='bbox 389 2052 497 2114; x_wconf 92' lang='lat' dir='ltr'>neque</span> <span class='ocrx_word' id='word_1_134' title='bbox 513 2031 679 2095; x_wconf 90' lang='lat' dir='ltr'>exercitus</span> <span class='ocrx_word' id='word_1_135' title='bbox 696 2051 805 2114; x_wconf 90' lang='lat' dir='ltr'>neque</span> <span class='ocrx_word' id='word_1_136' title='bbox 821 2033 915 2097; x_wconf 90' lang='lat' dir='ltr'>ducis</span> <span class='ocrx_word' id='word_1_137' title='bbox 932 2044 1027 2116; x_wconf 89' lang='lat' dir='ltr'>terga</span> <span class='ocrx_word' id='word_1_138' title='bbox 1043 2044 1116 2097; x_wconf 89' lang='lat' dir='ltr'>tuta</span> <span class='ocrx_word' id='word_1_139' title='bbox 1137 2054 1221 2099; x_wconf 90' lang='lat' dir='ltr'>esse.</span> 
     </span>
     <span class='ocr_line' id='line_1_19' title="bbox 178 2135 1224 2219; baseline 0.005 -22"><span class='ocrx_word' id='word_1_140' title='bbox 178 2135 319 2199; x_wconf 90' lang='lat' dir='ltr'>Proinde</span> <span class='ocrx_word' id='word_1_141' title='bbox 336 2145 370 2199; x_wconf 88' lang='lat' dir='ltr'>et</span> <span class='ocrx_word' id='word_1_142' title='bbox 386 2136 529 2198; x_wconf 92' lang='lat' dir='ltr'>honesta</span> <span class='ocrx_word' id='word_1_143' title='bbox 541 2155 630 2198; x_wconf 89' lang='lat' dir='ltr'>mors</span> <span class='ocrx_word' id='word_1_144' title='bbox 647 2136 735 2217; x_wconf 92' lang='lat' dir='ltr'>turpi</span> <span class='ocrx_word' id='word_1_145' title='bbox 747 2135 816 2199; x_wconf 89' lang='lat' dir='ltr'>vita</span> <span class='ocrx_word' id='word_1_146' title='bbox 828 2137 946 2219; x_wconf 92' lang='lat' dir='ltr'>potior,</span> <span class='ocrx_word' id='word_1_147' title='bbox 961 2147 995 2200; x_wconf 89' lang='lat' dir='ltr'>et</span> <span class='ocrx_word' id='word_1_148' title='bbox 1012 2138 1224 2202; x_wconf 89' lang='lat' dir='ltr'>incolumitas</span> 
     </span>
     <span class='ocr_line' id='line_1_20' title="bbox 176 2238 1224 2323; baseline 0.004 -22"><span class='ocrx_word' id='word_1_149' title='bbox 176 2259 214 2302; x_wconf 91' lang='lat' dir='ltr'>ac</span> <span class='ocrx_word' id='word_1_150' title='bbox 230 2240 332 2303; x_wconf 92' lang='lat' dir='ltr'>decus</span> <span class='ocrx_word' id='word_1_151' title='bbox 354 2240 471 2302; x_wconf 89' lang='lat' dir='ltr'>eodem</span> <span class='ocrx_word' id='word_1_152' title='bbox 488 2239 562 2302; x_wconf 93' lang='lat' dir='ltr'>loco</span> <span class='ocrx_word' id='word_1_153' title='bbox 578 2239 642 2301; x_wconf 89' lang='lat' dir='ltr'>sita</span> <span class='ocrx_word' id='word_1_154' title='bbox 657 2248 757 2315; x_wconf 86' lang='lat' dir='ltr'>sunt;</span> <span class='ocrx_word' id='word_1_155' title='bbox 781 2259 843 2304; x_wconf 89' lang='lat' dir='ltr'>nec</span> <span class='ocrx_word' id='word_1_156' title='bbox 866 2240 1044 2323; x_wconf 90' lang='lat' dir='ltr'>inglorium</span> <span class='ocrx_word' id='word_1_157' title='bbox 1063 2238 1166 2305; x_wconf 81' lang='lat' dir='ltr'>luerit</span> <span class='ocrx_word' id='word_1_158' title='bbox 1188 2243 1224 2305; x_wconf 92' lang='lat' dir='ltr'>in</span> 
     </span>
     <span class='ocr_line' id='line_1_21' title="bbox 176 2343 1225 2424; baseline 0.005 -19"><span class='ocrx_word' id='word_1_159' title='bbox 176 2343 248 2424; x_wconf 91' lang='lat' dir='ltr'>ipso</span> <span class='ocrx_word' id='word_1_160' title='bbox 279 2353 441 2407; x_wconf 89' lang='lat' dir='ltr'>terrarum</span> <span class='ocrx_word' id='word_1_161' title='bbox 472 2363 509 2407; x_wconf 91' lang='lat' dir='ltr'>ac</span> <span class='ocrx_word' id='word_1_162' title='bbox 541 2353 680 2406; x_wconf 89' lang='lat' dir='ltr'>naturae</span> <span class='ocrx_word' id='word_1_163' title='bbox 711 2343 778 2406; x_wconf 91' lang='lat' dir='ltr'>fine</span> <span class='ocrx_word' id='word_1_164' title='bbox 806 2345 975 2408; x_wconf 90' lang='lat' dir='ltr'>cecidisse.</span> <span class='ocrx_word' id='word_1_165' title='bbox 1034 2363 1152 2410; x_wconf 78' lang='lat' dir='ltr'>xxxiv.</span> <span class='ocrx_word' id='word_1_166' title='bbox 1187 2346 1225 2410; x_wconf 91' lang='lat' dir='ltr'>Si</span> 
     </span>
     <span class='ocr_line' id='line_1_22' title="bbox 176 2446 1224 2529; baseline 0.004 -20"><span class='ocrx_word' id='word_1_167' title='bbox 176 2467 282 2510; x_wconf 89' lang='lat' dir='ltr'>novae</span> <span class='ocrx_word' id='word_1_168' title='bbox 309 2458 429 2529; x_wconf 84' lang='lat' dir='ltr'>gentes</span> <span class='ocrx_word' id='word_1_169' title='bbox 457 2455 558 2529; x_wconf 91' lang='lat' dir='ltr'>atque</span> <span class='ocrx_word' id='word_1_170' title='bbox 585 2446 700 2528; x_wconf 87' lang='lat' dir='ltr'>ignota</span> <span class='ocrx_word' id='word_1_171' title='bbox 725 2446 813 2510; x_wconf 89' lang='lat' dir='ltr'>acies</span> <span class='ocrx_word' id='word_1_172' title='bbox 841 2447 1059 2522; x_wconf 89' lang='lat' dir='ltr'>constitisset,</span> <span class='ocrx_word' id='word_1_173' title='bbox 1084 2449 1224 2513; x_wconf 91' lang='lat' dir='ltr'>aliorum</span> 
     </span>
     <span class='ocr_line' id='line_1_23' title="bbox 176 2550 1225 2631; baseline 0.002 -17"><span class='ocrx_word' id='word_1_174' title='bbox 176 2551 380 2615; x_wconf 90' lang='lat' dir='ltr'>exercituum</span> <span class='ocrx_word' id='word_1_175' title='bbox 402 2550 562 2631; x_wconf 86' lang='lat' dir='ltr'>exemplis</span> <span class='ocrx_word' id='word_1_176' title='bbox 577 2569 637 2612; x_wconf 89' lang='lat' dir='ltr'>vos</span> <span class='ocrx_word' id='word_1_177' title='bbox 661 2551 832 2627; x_wconf 89' lang='lat' dir='ltr'>hortarer;</span> <span class='ocrx_word' id='word_1_178' title='bbox 855 2572 945 2614; x_wconf 90' lang='lat' dir='ltr'>nunc</span> <span class='ocrx_word' id='word_1_179' title='bbox 967 2561 1080 2615; x_wconf 90' lang='lat' dir='ltr'>vestra</span> <span class='ocrx_word' id='word_1_180' title='bbox 1102 2554 1225 2616; x_wconf 89' lang='lat' dir='ltr'>decora</span> 
     </span>
     <span class='ocr_line' id='line_1_24' title="bbox 175 2653 1223 2738; baseline 0.002 -21"><span class='ocrx_word' id='word_1_181' title='bbox 175 2665 359 2729; x_wconf 90' lang='lat' dir='ltr'>recensete,</span> <span class='ocrx_word' id='word_1_182' title='bbox 383 2663 514 2718; x_wconf 91' lang='lat' dir='ltr'>vestros</span> <span class='ocrx_word' id='word_1_183' title='bbox 545 2653 659 2716; x_wconf 92' lang='lat' dir='ltr'>oculos</span> <span class='ocrx_word' id='word_1_184' title='bbox 691 2653 903 2736; x_wconf 89' lang='lat' dir='ltr'>interrogate.</span> <span class='ocrx_word' id='word_1_185' title='bbox 953 2654 1001 2717; x_wconf 93' lang='lat' dir='ltr'>Hi</span> <span class='ocrx_word' id='word_1_186' title='bbox 1028 2664 1107 2718; x_wconf 94' lang='lat' dir='ltr'>sunt</span> <span class='ocrx_word' id='word_1_187' title='bbox 1139 2676 1223 2738; x_wconf 91' lang='lat' dir='ltr'>quos</span> 
     </span>
     <span class='ocr_line' id='line_1_25' title="bbox 175 2755 1273 2841; baseline 0.002 -21"><span class='ocrx_word' id='word_1_188' title='bbox 175 2759 324 2839; x_wconf 88' lang='lat' dir='ltr'>proximo</span> <span class='ocrx_word' id='word_1_189' title='bbox 351 2777 439 2821; x_wconf 89' lang='lat' dir='ltr'>anno</span> <span class='ocrx_word' id='word_1_190' title='bbox 467 2777 566 2820; x_wconf 91' lang='lat' dir='ltr'>unam</span> <span class='ocrx_word' id='word_1_191' title='bbox 593 2756 761 2839; x_wconf 85' lang='lat' dir='ltr'>legionem</span> <span class='ocrx_word' id='word_1_192' title='bbox 788 2755 877 2820; x_wconf 89' lang='lat' dir='ltr'>furto</span> <span class='ocrx_word' id='word_1_193' title='bbox 905 2758 1014 2822; x_wconf 91' lang='lat' dir='ltr'>noctis</span> <span class='ocrx_word' id='word_1_194' title='bbox 1045 2778 1223 2841; x_wconf 86' lang='lat' dir='ltr'>aggressos</span> <span class='ocrx_word' id='word_1_195' title='bbox 1271 2827 1273 2832; x_wconf 57' lang='grc'><strong>,</strong></span> 
     </span>
     <span class='ocr_line' id='line_1_26' title="bbox 176 2859 1223 2950; baseline 0 -25"><span class='ocrx_word' id='word_1_196' title='bbox 176 2861 319 2925; x_wconf 89' lang='lat' dir='ltr'>clamore</span> <span class='ocrx_word' id='word_1_197' title='bbox 349 2861 560 2950; x_wconf 80' lang='lat' dir='ltr'>debellastis3</span> <span class='ocrx_word' id='word_1_198' title='bbox 591 2860 625 2923; x_wconf 95' lang='lat' dir='ltr'>hi</span> <span class='ocrx_word' id='word_1_199' title='bbox 653 2870 840 2924; x_wconf 89' lang='lat' dir='ltr'>ceterorum</span> <span class='ocrx_word' id='word_1_200' title='bbox 872 2861 1109 2925; x_wconf 89' lang='lat' dir='ltr'>Britannorum</span> <span class='ocrx_word' id='word_1_201' title='bbox 1132 2859 1223 2944; x_wconf 87' lang='lat' dir='ltr'>fuga-</span> 
     </span>
     <span class='ocr_line' id='line_1_27' title="bbox 176 2964 1222 3047; baseline 0.001 -19"><span class='ocrx_word' id='word_1_202' title='bbox 176 2964 308 3040; x_wconf 89' lang='lat' dir='ltr'>cissimi,</span> <span class='ocrx_word' id='word_1_203' title='bbox 326 2965 467 3046; x_wconf 92' lang='lat' dir='ltr'>ideoque</span> <span class='ocrx_word' id='word_1_204' title='bbox 490 2975 558 3026; x_wconf 89' lang='lat' dir='ltr'>tam</span> <span class='ocrx_word' id='word_1_205' title='bbox 582 2965 638 3027; x_wconf 93' lang='lat' dir='ltr'>diu</span> <span class='ocrx_word' id='word_1_206' title='bbox 663 2965 869 3046; x_wconf 90' lang='lat' dir='ltr'>superstites.</span> <span class='ocrx_word' id='word_1_207' title='bbox 918 2965 1097 3047; x_wconf 82' lang='lat' dir='ltr'>Quomodo</span> <span class='ocrx_word' id='word_1_208' title='bbox 1123 2966 1222 3029; x_wconf 87' lang='lat' dir='ltr'>silvas</span> 
     </span>
     <span class='ocr_line' id='line_1_28' title="bbox 176 3065 1221 3152; baseline 0.001 -20"><span class='ocrx_word' id='word_1_209' title='bbox 176 3069 345 3151; x_wconf 89' lang='lat' dir='ltr'>saltusque</span> <span class='ocrx_word' id='word_1_210' title='bbox 377 3067 631 3150; x_wconf 89' lang='lat' dir='ltr'>penetrantibus</span> <span class='ocrx_word' id='word_1_211' title='bbox 662 3065 881 3131; x_wconf 85' lang='lat' dir='ltr'>fortissimum</span> <span class='ocrx_word' id='word_1_212' title='bbox 914 3071 1069 3152; x_wconf 90' lang='lat' dir='ltr'>quodque</span> <span class='ocrx_word' id='word_1_213' title='bbox 1101 3069 1221 3133; x_wconf 92' lang='lat' dir='ltr'>animal</span> 
     </span>
     <span class='ocr_line' id='line_1_29' title="bbox 175 3171 1221 3256; baseline 0.002 -21"><span class='ocrx_word' id='word_1_214' title='bbox 175 3183 292 3235; x_wconf 87' lang='lat' dir='ltr'>contra</span> <span class='ocrx_word' id='word_1_215' title='bbox 307 3193 411 3248; x_wconf 89' lang='lat' dir='ltr'>ruere,</span> <span class='ocrx_word' id='word_1_216' title='bbox 429 3171 548 3253; x_wconf 89' lang='lat' dir='ltr'>pavida</span> <span class='ocrx_word' id='word_1_217' title='bbox 564 3181 598 3234; x_wconf 92' lang='lat' dir='ltr'>et</span> <span class='ocrx_word' id='word_1_218' title='bbox 621 3171 741 3234; x_wconf 90' lang='lat' dir='ltr'>inertia</span> <span class='ocrx_word' id='word_1_219' title='bbox 763 3171 835 3253; x_wconf 91' lang='lat' dir='ltr'>ipso</span> <span class='ocrx_word' id='word_1_220' title='bbox 859 3173 1001 3254; x_wconf 89' lang='lat' dir='ltr'>agminis</span> <span class='ocrx_word' id='word_1_221' title='bbox 1021 3193 1105 3236; x_wconf 92' lang='lat' dir='ltr'>sono</span> <span class='ocrx_word' id='word_1_222' title='bbox 1124 3174 1221 3256; x_wconf 78' lang='lat' dir='ltr'>pelle</span> 
     </span>
     <span class='ocr_line' id='line_1_30' title="bbox 175 3275 1223 3359; baseline 0 -19"><span class='ocrx_word' id='word_1_223' title='bbox 175 3277 304 3351; x_wconf 89' lang='lat' dir='ltr'>bantur,</span> <span class='ocrx_word' id='word_1_224' title='bbox 337 3277 384 3340; x_wconf 90' lang='lat' dir='ltr'>sic</span> <span class='ocrx_word' id='word_1_225' title='bbox 414 3275 565 3340; x_wconf 90' lang='lat' dir='ltr'>acerrimi</span> <span class='ocrx_word' id='word_1_226' title='bbox 597 3275 832 3338; x_wconf 89' lang='lat' dir='ltr'>Britannorum</span> <span class='ocrx_word' id='word_1_227' title='bbox 855 3276 923 3358; x_wconf 87' lang='lat' dir='ltr'>jam</span> <span class='ocrx_word' id='word_1_228' title='bbox 945 3277 1072 3359; x_wconf 90' lang='lat' dir='ltr'>pridem</span> <span class='ocrx_word' id='word_1_229' title='bbox 1098 3277 1223 3340; x_wconf 74' lang='lat' dir='ltr'>cecide</span> 
     </span>
     <span class='ocr_line' id='line_1_31' title="bbox 174 3378 1220 3463; baseline 0.003 -21"><span class='ocrx_word' id='word_1_230' title='bbox 174 3390 260 3453; x_wconf 88' lang='lat' dir='ltr'>runt,</span> <span class='ocrx_word' id='word_1_231' title='bbox 284 3381 430 3463; x_wconf 90' lang='lat' dir='ltr'>reliquus</span> <span class='ocrx_word' id='word_1_232' title='bbox 455 3389 507 3444; x_wconf 91' lang='lat' dir='ltr'>est</span> <span class='ocrx_word' id='word_1_233' title='bbox 530 3399 688 3442; x_wconf 89' lang='lat' dir='ltr'>numerus</span> <span class='ocrx_word' id='word_1_234' title='bbox 712 3378 907 3461; x_wconf 88' lang='lat' dir='ltr'>ignavorum</span> <span class='ocrx_word' id='word_1_235' title='bbox 932 3390 966 3444; x_wconf 90' lang='lat' dir='ltr'>et</span> <span class='ocrx_word' id='word_1_236' title='bbox 989 3381 1220 3445; x_wconf 88' lang='lat' dir='ltr'>metuentium.</span> 
     </span>
     <span class='ocr_line' id='line_1_32' title="bbox 175 3482 1221 3565; baseline 0.003 -20"><span class='ocrx_word' id='word_1_237' title='bbox 175 3483 270 3565; x_wconf 83' lang='lat' dir='ltr'>Quos</span> <span class='ocrx_word' id='word_1_238' title='bbox 292 3485 379 3565; x_wconf 92' lang='lat' dir='ltr'>quod</span> <span class='ocrx_word' id='word_1_239' title='bbox 403 3485 539 3547; x_wconf 89' lang='lat' dir='ltr'>tandem</span> <span class='ocrx_word' id='word_1_240' title='bbox 563 3482 748 3556; x_wconf 77' lang='lat' dir='ltr'>invenistis</span> <span class='ocrx_word' id='word_1_241' title='bbox 772 3504 840 3546; x_wconf 92' lang='lat' dir='ltr'>non</span> <span class='ocrx_word' id='word_1_242' title='bbox 865 3484 1069 3559; x_wconf 88' lang='lat' dir='ltr'>restiterunt,</span> <span class='ocrx_word' id='word_1_243' title='bbox 1091 3485 1150 3548; x_wconf 90' lang='lat' dir='ltr'>sed</span> <span class='ocrx_word' id='word_1_244' title='bbox 1169 3485 1221 3548; x_wconf 38' lang='lat' dir='ltr'>de*</span> 
     </span>
     <span class='ocr_line' id='line_1_33' title="bbox 174 3585 1223 3668; baseline 0.003 -21"><span class='ocrx_word' id='word_1_245' title='bbox 174 3587 330 3668; x_wconf 89' lang='lat' dir='ltr'>prehensi</span> <span class='ocrx_word' id='word_1_246' title='bbox 351 3596 448 3662; x_wconf 92' lang='lat' dir='ltr'>sunt;</span> <span class='ocrx_word' id='word_1_247' title='bbox 473 3585 673 3649; x_wconf 89' lang='lat' dir='ltr'>novissimae</span> <span class='ocrx_word' id='word_1_248' title='bbox 690 3605 743 3648; x_wconf 88' lang='lat' dir='ltr'>res</span> <span class='ocrx_word' id='word_1_249' title='bbox 759 3595 794 3648; x_wconf 92' lang='lat' dir='ltr'>et</span> <span class='ocrx_word' id='word_1_250' title='bbox 811 3596 958 3649; x_wconf 86' lang='lat' dir='ltr'>extremo</span> <span class='ocrx_word' id='word_1_251' title='bbox 976 3597 1067 3649; x_wconf 88' lang='lat' dir='ltr'>metu</span> <span class='ocrx_word' id='word_1_252' title='bbox 1085 3608 1223 3668; x_wconf 87' lang='lat' dir='ltr'>corpora</span> 
     </span>
     <span class='ocr_line' id='line_1_34' title="bbox 174 3689 1223 3770; baseline 0.002 -18"><span class='ocrx_word' id='word_1_253' title='bbox 174 3691 319 3753; x_wconf 86' lang='lat' dir='ltr'>defixere</span> <span class='ocrx_word' id='word_1_254' title='bbox 342 3689 446 3754; x_wconf 86' lang='lat' dir='ltr'>aciem</span> <span class='ocrx_word' id='word_1_255' title='bbox 471 3689 504 3751; x_wconf 92' lang='lat' dir='ltr'>in</span> <span class='ocrx_word' id='word_1_256' title='bbox 529 3689 580 3751; x_wconf 93' lang='lat' dir='ltr'>his</span> <span class='ocrx_word' id='word_1_257' title='bbox 603 3689 755 3770; x_wconf 89' lang='lat' dir='ltr'>vestigiis</span> <span class='ocrx_word' id='word_1_258' title='bbox 783 3689 816 3751; x_wconf 93' lang='lat' dir='ltr'>in</span> <span class='ocrx_word' id='word_1_259' title='bbox 841 3689 960 3770; x_wconf 92' lang='lat' dir='ltr'>quibus</span> <span class='ocrx_word' id='word_1_260' title='bbox 988 3691 1160 3770; x_wconf 86' lang='lat' dir='ltr'>pulchram</span> <span class='ocrx_word' id='word_1_261' title='bbox 1189 3702 1223 3754; x_wconf 91' lang='lat' dir='ltr'>et</span> 
     </span>
     <span class='ocr_line' id='line_1_35' title="bbox 175 3791 1223 3875; baseline 0.002 -20"><span class='ocrx_word' id='word_1_262' title='bbox 175 3793 390 3874; x_wconf 85' lang='lat' dir='ltr'>spectabilem</span> <span class='ocrx_word' id='word_1_263' title='bbox 412 3791 584 3855; x_wconf 90' lang='lat' dir='ltr'>victoriam</span> <span class='ocrx_word' id='word_1_264' title='bbox 610 3791 763 3854; x_wconf 83' lang='lat' dir='ltr'>ederetis</span> <span class='ocrx_word' id='word_1_265' title='bbox 811 3793 1004 3874; x_wconf 90' lang='lat' dir='ltr'>Transigite</span> <span class='ocrx_word' id='word_1_266' title='bbox 1028 3814 1103 3856; x_wconf 91' lang='lat' dir='ltr'>cum</span> <span class='ocrx_word' id='word_1_267' title='bbox 1128 3815 1223 3875; x_wconf 86' lang='lat' dir='ltr'>expe-</span> 
     </span>
     <span class='ocr_line' id='line_1_36' title="bbox 116 3892 1223 3978; baseline 0.007 -26"><span class='ocrx_word' id='word_1_268' title='bbox 116 3913 140 3952; x_wconf 72' lang='grc' dir='ltr'>ιε</span> <span class='ocrx_word' id='word_1_269' title='bbox 174 3894 376 3973; x_wconf 82' lang='lat' dir='ltr'>ditionibus3</span> <span class='ocrx_word' id='word_1_270' title='bbox 399 3893 562 3976; x_wconf 92' lang='lat' dir='ltr'>imponite</span> <span class='ocrx_word' id='word_1_271' title='bbox 574 3892 817 3976; x_wconf 85' lang='lat' dir='ltr'>quinquaginta</span> <span class='ocrx_word' id='word_1_272' title='bbox 831 3895 930 3957; x_wconf 89' lang='lat' dir='ltr'>annis</span> <span class='ocrx_word' id='word_1_273' title='bbox 946 3915 1103 3978; x_wconf 91' lang='lat' dir='ltr'>magnum</span> <span class='ocrx_word' id='word_1_274' title='bbox 1117 3898 1223 3977; x_wconf 88' lang='lat' dir='ltr'>diem;</span> 
     </span>
    </p>
   </div>
   <div class='ocr_carea' id='block_1_3' title="bbox 0 0 1394 4320">
    <p class='ocr_par' dir='ltr' id='par_1_3' title="bbox 0 0 1394 4320">
     <span class='ocr_line' id='line_1_37' title="bbox 0 0 1394 4320; baseline 0 2"><span class='ocrx_word' id='word_1_275' title='bbox 0 0 1394 4320; x_wconf 95' lang='lat' dir='ltr'> </span> 
     </span>
    </p>
   </div>
  </div>
 </body>
</html>
