2780 4320
419 209 533 273 Battle
555 209 596 291 of
613 208 712 271 Mons
738 207 915 290 Graupius.
1152 223 1189 270 21

140 394 325 478 approbate
346 393 549 475 reipublicae
569 411 750 474 numquam
776 390 937 455 exercitui
960 389 1115 472 imputari
1139 409 1195 472 po

141 500 249 562 tuisse
264 509 322 561 aut
339 518 448 561 moras
465 497 543 561 belli
559 506 617 561 aut
633 516 750 559 causas
767 493 982 559 rebellandi.”

186 621 291 666 xxxv.
325 603 371 665 Et
393 601 584 684 alloquente
611 600 719 663 adhuc
743 597 905 680 Agricola
928 598 1070 661 militum
1098 598 1195 661 ardor

143 707 322 778 eminebat,
340 714 374 768 et
397 706 499 768 finem
519 703 679 767 orationis
699 702 820 784 ingens
839 701 993 765 alacritas
1013 711 1195 766 consecuta

142 820 196 874 est
224 810 403 892 statimque
433 809 474 872 ad
505 828 596 872 arma
625 807 822 870 discursum.
883 805 1068 869 Instinctos
1099 825 1194 869 ruen-
1240 831 1253 871 s

143 922 262 1004 tesque
286 913 332 976 ita
354 912 527 995 disposuit,
549 922 586 975 ut
608 911 758 992 peditum
782 909 910 984 auxilia,
929 928 1013 992 quae
1036 919 1113 972 octo
1137 910 1194 972 mi-

95 1031 99 1039 '
143 1017 224 1080 lium
246 1027 351 1090 erant,
369 1016 510 1080 mediam
528 1015 633 1078 aciem
650 1015 830 1088 firmarent,
849 1013 996 1095 equitum
1019 1013 1083 1077 tria
1105 1014 1194 1077 milia
1302 1045 1314 1072 ι

144 1120 301 1185 cornibus
325 1116 597 1195 affunderentur;
619 1117 770 1199 legiones
794 1116 963 1199 provallo
988 1127 1122 1190 stetere,
1148 1117 1195 1179 in-

143 1243 229 1305 gens
241 1223 399 1286 victoriae
410 1223 512 1286 decus
526 1222 609 1285 citra
623 1223 812 1284 Romanum
826 1220 1022 1302 sanguinem
1037 1220 1192 1296 bellandi,

143 1337 178 1390 et
197 1326 364 1399 auxilium,
383 1325 410 1389 si
431 1326 644 1407 pellerentur.
692 1324 929 1387 Britannorum
950 1323 1048 1397 acieS,
1067 1323 1101 1386 in
1123 1344 1195 1406 spe·
1230 1347 1254 1374 ιο

123 1475 127 1486 .
143 1431 229 1493 ciem
250 1429 347 1492 simul
363 1450 402 1492 ac
418 1438 588 1503 terrorem,
607 1427 803 1491 editioribus
819 1428 901 1490 locis
918 1427 1116 1490 constiterat
1138 1427 1192 1504 ita,

143 1543 182 1596 ut
205 1533 347 1615 primum
369 1552 489 1614 agmen
511 1552 626 1613 aequo,
645 1531 749 1595 ceteri
772 1551 832 1612 per
855 1531 980 1594 acclive
1002 1531 1119 1613 jugum
1143 1551 1196 1594 co-

144 1636 222 1700 nexi
251 1637 344 1699 velut
374 1636 609 1718 insurgerent;
642 1635 752 1698 media
782 1635 891 1715 campi
921 1635 1134 1698 covinnarius
1164 1645 1198 1697 et

143 1760 247 1822 eques
271 1739 412 1821 strepitu
435 1759 473 1803 ac
496 1739 650 1808 discursu
673 1739 870 1820 complebat.
918 1740 1006 1801 Tum
1034 1737 1195 1819 Agricola

68 1855 74 1861 “
144 1845 325 1924 'superante
350 1843 496 1907 hostium
512 1834 740 1905 ¹multitudine
763 1842 899 1915 veritus,
925 1861 967 1904 ne
993 1842 1026 1903 in
1048 1839 1194 1905 frontem
1230 1865 1253 1904 ις

144 1946 243 2009 simul
266 1956 300 2010 et
323 1946 428 2009 latera
449 1966 585 2009 suorum
609 1954 822 2027 pugnaretur,
844 1945 988 2008 diductis
1012 1944 1192 2020 ordinibus,

143 2070 342 2132 quamquam
370 2048 553 2132 porrectior
574 2049 663 2112 acies
688 2045 801 2112 lutura
825 2059 896 2112 erat
919 2049 1194 2129 et‚arcessendas

143 2153 293 2235 plerique
322 2153 473 2235 legiones
501 2152 736 2226 admonebant,
763 2152 947 2234 promptior
973 2152 1007 2214 in
1036 2172 1129 2232 spem
1161 2162 1195 2215 et

143 2258 259 2320 firmus
285 2256 443 2330 adversis,
469 2255 606 2318 dimisso
630 2275 715 2338 equo
743 2256 846 2337 pedes
872 2265 951 2319 ante
974 2255 1094 2318 vexilla
1120 2276 1196 2319 con-

143 2359 239 2423 stitit.

187 2481 305 2527 xxxvl.
334 2461 389 2526 Ac
401 2462 507 2544 primo
521 2482 704 2544 congressu
716 2462 847 2526 eminus
864 2463 1069 2536 certabatur;
1085 2462 1196 2524 simul-

143 2587 208 2648 que
230 2566 419 2630 constantia
444 2565 541 2629 simul
558 2576 630 2628 arte
648 2565 800 2628 Britanni
816 2566 1010 2646 ingentibus
1026 2565 1143 2647 gladiis
1161 2577 1194 2629 et

46 2674 53 2688 ”
143 2670 301 2733 brevibus
324 2669 425 2733 cetris
448 2669 587 2732 missilia
609 2678 800 2732 nostrorum
823 2669 928 2731 vitare
951 2669 1003 2731 vel
1028 2680 1192 2745 excutere,

143 2783 244 2854 atque
271 2772 333 2855 ipsi
361 2793 516 2855 magnam
544 2771 611 2834 vim
640 2772 783 2836 telorum
811 2769 1061 2852 superfundere,
1087 2773 1194 2836 donec

143 2875 306 2957 Agricola
332 2876 533 2940 Batavorum
558 2875 716 2939 cohortes
739 2895 777 2938 ac
801 2876 1014 2956 Tungrorum
1038 2876 1119 2938 duas
1143 2896 1195 2939 co-

143 2980 297 3042 hortatus
313 2988 374 3054 est,
389 2989 426 3042 ut
442 2999 512 3042 rem
529 2979 571 3042 ad
588 2998 765 3042 mucrones
782 2997 820 3041 ac
836 2998 954 3040 manus
971 2979 1193 3055 adducerent;

143 3082 232 3165 quod
249 3092 283 3147 et
299 3081 380 3166 ipsis
396 3091 566 3146 vetustate
588 3081 725 3144 militiae
746 3081 972 3155 exercitatum,
991 3092 1025 3144 et
1041 3082 1193 3145 hostibus

42 3209 48 3218 ·
144 3187 290 3250 inhabile
321 3206 422 3267 parva
452 3195 548 3250 scuta
578 3195 612 3247 et
643 3205 798 3248 enormes
830 3184 957 3266 gladios
988 3185 1191 3266 gerentibus,

145 3290 233 3352 Nam
246 3289 482 3352 Britannorum
496 3288 598 3370 gladii
612 3288 685 3350 sine
697 3307 856 3351 mucrone
870 3288 1077 3369 complexum
1091 3309 1195 3351 armo-

145 3413 217 3456 rum
234 3400 268 3454 et
283 3392 317 3453 in
334 3402 405 3454 arto
419 3411 565 3475 pugnam
579 3411 646 3453 non
660 3390 855 3455 tolerabant.
898 3391 1012 3472 Igitur,
1027 3402 1063 3454 ut
1078 3393 1193 3470 Batavi

144 3496 285 3558 miscere
309 3495 404 3568 ictus,
425 3491 525 3558 ferire
549 3495 760 3567 umbonibus,
781 3515 839 3557 ora
859 3491 1003 3567 foedare,
1023 3505 1057 3558 et
1081 3496 1193 3557 stratis

144 3598 250 3680 quiin
267 3618 372 3679 aequo
396 3581 572 3661 astiterant
595 3597 724 3678 erigere
741 3597 774 3659 in
792 3598 894 3661 colles
915 3598 1020 3661 aciem
1042 3618 1192 3681 coepere,

144 3711 277 3782 ceterae
300 3700 466 3776 cohorteS,
484 3701 708 3763 aemulatione
732 3710 766 3763 et
782 3701 909 3781 impetu
929 3701 1072 3776 conisae,
1090 3702 1195 3782 proxi-

143 3825 217 3867 mos
230 3823 379 3887 quosque
392 3804 551 3879 caedere;
575 3823 613 3867 ac
629 3803 779 3884 plerique
796 3803 981 3866 semineces
998 3814 1055 3866 aut
1072 3804 1194 3885 integri

142 3905 360 3973 festinatione
376 3905 535 3970 victoriae
553 3906 835 3987 relinquebantur.
884 3906 1024 3968 Interim
1044 3907 1193 3988 equitum
1228 3931 1253 3970 ss
