2780 4320
227 211 245 255 2
550 190 580 252 Τ
575 190 615 253 lte
637 189 715 272 Life
736 191 777 272 of
790 191 952 274 Agricola.

226 382 410 465 sapientiae
422 379 666 464 professoribus
679 391 778 464 atque
790 381 881 445 omni
894 382 1065 446 bonaarte
1075 371 1109 445 in
1121 379 1273 446 exsilium
1327 393 1328 396 ’
1374 433 1375 440 ,

131 505 133 509 ’
225 498 307 564 acta,
327 508 370 550 ne
393 488 471 570 quid
495 507 633 568 usquam
658 487 837 549 honestum
862 496 1060 550 occurreret.
1109 487 1273 550 Dedimus

225 587 376 672 profecto
393 592 518 673 grande
534 590 714 672 patientiae
731 591 988 666 documentum;
1013 600 1046 653 et
1071 591 1156 654 sicut
1175 600 1272 654 vetus

225 705 279 758 aet
281 716 317 758 as
266 694 416 758 tvidit
403 694 510 777 tquid
527 693 585 756 ult
562 703 679 756 timum
699 694 733 756 in
753 693 886 756 libertat
874 703 1028 769 te,esset
1047 694 1094 757 ita
1114 715 1175 757 nos
1194 695 1272 776 quid

155 859 158 866 .
225 798 260 861 in
284 799 409 862 servitu
389 808 454 874 ut‚e
472 798 629 879 adempto
652 818 712 878 per
734 797 871 879 inquisit
874 797 967 860 iones
991 797 1092 860 etiam
1116 796 1272 879 loquendi

89 944 93 954 -
189 891 447 984 ¹audiendique
460 921 668 965 commercio
717 901 914 968 Memoriam
928 922 1059 982 quoque
1076 902 1181 996 ipsam
1197 921 1272 963 cum

225 1026 308 1069 voce
335 1005 604 1087 perdidissemus,
630 1004 658 1066 si
685 1014 753 1067 tam
781 1005 814 1066 in
843 1015 919 1067 nost
922 1026 958 1067 ra
984 1014 1179 1086 potestate
1183 1012 1273 1067 esset

223 1112 375 1176 oblivisci
394 1131 491 1193 quam
505 1120 624 1175 tacere
674 1129 722 1176 111.
760 1111 860 1174 Nunc
876 1113 1010 1175 demum
1023 1112 1094 1188 redi
1096 1122 1109 1174 t
1081 1113 1275 1190 ranimus;

224 1226 258 1278 et
290 1235 488 1297 quamquam
526 1215 633 1296 primo
672 1224 738 1277 stat
741 1213 785 1277 im
824 1215 911 1278 beat'
888 1214 1009 1277 ussimi
1041 1213 1164 1277 saeculi
1198 1225 1274 1277 ortu

225 1319 338 1382 Nerva
362 1318 485 1382 Caesar
510 1339 564 1381 res
590 1318 669 1380 olim
695 1317 923 1381 dissociabiles
949 1318 1130 1392 miscuerit
1156 1318 1275 1399 princi-

224 1432 339 1503 patum
376 1442 414 1486 ac
448 1423 582 1485 libertat
533 1431 648 1499 tatem,
677 1431 864 1504 augeatque
901 1431 972 1485 cott
959 1421 1040 1484 tidie
1077 1419 1182 1484 felicit
1170 1433 1321 1485 t.atem

223 1535 412 1607 temporum
437 1527 550 1588 Nerva
576 1525 751 1607 Traianus,
770 1545 832 1588 nec
858 1545 951 1606 spem
977 1526 1075 1588 modo
1097 1545 1135 1588 ac
1158 1535 1273 1588 votum

224 1628 356 1693 Securit
344 1639 395 1692 tas
425 1629 566 1711 publica,
596 1629 695 1692 sed
687 1629 791 1710 ipsius
817 1629 889 1692 voti
862 1629 1074 1692 tfiduciam
1105 1649 1144 1692 ac
1174 1629 1275 1692 robur

223 1733 461 1814 assumpserit:
484 1742 604 1795 natura
622 1741 735 1795 tamen
759 1732 965 1795 infirmitatis
988 1733 1165 1795 humanae
1176 1733 1276 1794 tardi-

222 1856 280 1899 ora
296 1845 374 1898 sunt
361 1835 647 1917 rtemediaquam
665 1835 827 1912 mala;t
793 1844 869 1912 et,u
871 1845 1040 1917 corpora
1052 1845 1129 1898 nos
1132 1856 1168 1898 ra
1116 1835 1274 1898 lente

222 1948 418 2020 augescunt,
450 1939 518 2002 cito
549 1938 768 2020 exstinguunt
771 1959 818 2016 ur,
851 1939 899 2002 sic
931 1939 1112 2021 ingenias
1096 1940 1342 2020 studiaque

221 2043 428 2124 oppresseris
459 2039 591 2106 facilius
626 2063 724 2124 quam
755 2043 971 2106 revocaveris.
1021 2042 1119 2106 Subit
1150 2042 1274 2125 quippe

222 2146 324 2209 etiam
349 2145 454 2228 ipsius
481 2146 623 2210 inertiae
648 2146 799 2222 dulcedo,
822 2155 857 2208 et
882 2146 990 2209 invisa
1015 2147 1122 2228 primo
1146 2146 1275 2209 desidia

222 2259 298 2330 post
301 2270 392 2312 remo
423 2260 511 2313 ama
513 2271 561 2314 ur
617 2249 728 2332 Quid?
766 2249 795 2313 si
831 2271 891 2331 per
927 2250 1117 2331 quindecim
1155 2270 1272 2324 annoS,

131 2412 135 2420 .
222 2354 347 2436 grande
374 2363 460 2416 mort
448 2353 524 2417 talis
549 2353 622 2417 aevi
651 2353 805 2434 spatium,
830 2353 927 2416 multi
953 2350 1101 2416 fortuitis
1129 2353 1273 2429 casibuS,

221 2449 492 2540 promptissimus
509 2457 649 2540 quisque
673 2457 777 2520 saevit
780 2457 811 2521 ia
834 2457 995 2539 principis
1019 2457 1067 2519 int
1055 2457 1274 2535 terciderunt,

222 2561 328 2643 pauci,
357 2571 393 2624 ut
380 2561 647 2638 titadixerim,
676 2581 743 2623 non
772 2562 870 2624 modo
902 2561 1051 2634 aliorum,
1081 2561 1204 2622 sedet
1170 2559 1275 2622 etiam

223 2675 300 2728 nost
302 2665 330 2727 ri
360 2664 520 2746 superstit
523 2684 560 2727 es
592 2659 716 2740 sumus,
735 2653 909 2746 exemptis
941 2685 959 2728 e
991 2663 1173 2727 mediat
1126 2662 1195 2726 vita
1221 2673 1275 2725 tot

222 2769 328 2845 annis,
353 2767 506 2850 quibus
496 2787 637 2849 juvenes
664 2769 705 2830 ad
734 2777 953 2844 senectutem,
979 2787 1077 2830 senes
1105 2786 1208 2848 prope
1231 2767 1275 2828 ad

223 2872 312 2953 ipsos
335 2880 430 2935 exact
432 2891 471 2934 ae
498 2871 619 2937 aetatis
640 2871 802 2934 terminos
827 2891 887 2952 per
910 2871 1081 2935 silentium
1105 2871 1288 2933 venimus

223 2976 326 3037 Nont
313 2983 425 3037 tamen
442 2974 570 3056 pigebit
582 2973 635 3037 vel
653 2973 802 3037 incondit
789 2983 824 3037 ta
840 2995 878 3038 ac
894 2975 968 3037 rudi
979 2993 1062 3037 voce
1078 2973 1274 3036 memoriam

147 3137 151 3150 ,
221 3076 339 3158 prioris
356 3076 483 3139 servitu
485 3076 528 3138 tis
545 3097 583 3140 ac
603 3076 834 3140 testimonium
858 3078 1084 3158 praesentium
1108 3078 1274 3140 bonorum

222 3180 457 3261 composuisse.
500 3178 634 3242 Hict
584 3201 618 3241 m
621 3180 717 3242 terim
734 3179 827 3256 liber,
836 3181 954 3243 honori
967 3180 1148 3261 Agricolae
1165 3181 1276 3244 soceri

221 3304 286 3346 me1
278 3283 449 3346 destinat
437 3291 501 3360 tuS,
514 3279 723 3364 professione
738 3281 874 3364 pietatis
889 3292 947 3345 aut
964 3281 1076 3345 laudat
1063 3291 1117 3345 tus
1133 3283 1196 3346 erit
1213 3294 1274 3347 aut

221 3396 407 3450 excusatus.

267 3611 311 3657 1v.
345 3593 494 3658 Gunnus
531 3595 661 3676 Jurrus
695 3595 893 3671 Aomcomi,
929 3608 1045 3662 vetere
1078 3607 1112 3662 et
1099 3597 1272 3662 tillust'
1229 3608 1274 3661 tn

223 3694 506 3777 Foroiuliensium
523 3697 728 3762 coloniat
676 3709 728 3762 ort
730 3721 817 3775 usu
819 3710 990 3783 trumque
998 3723 1095 3764 avum
1119 3722 1275 3782 procura-

222 3807 330 3861 torem
359 3798 539 3861 Caesarum
566 3801 690 3876 habuit,
669 3812 804 3883 tquae
830 3804 995 3884 equestris
1023 3804 1141 3867 nobilit
1129 3814 1180 3867 tas
1208 3815 1271 3869 est.

224 3900 323 3964 Pater
337 3899 445 3982 Julius
459 3901 653 3978 Graecinus,
668 3904 825 3967 senatorii
842 3905 977 3982 ordinis
993 3907 1102 3970 studio
1116 3906 1264 3990 eloquen

1338 1865 1375 2022 4

1372 2085 1375 2316 4

1372 2965 1375 3174 4

1372 3213 1375 3404 4

1363 3465 1375 3656 4

1371 3645 1375 3858 4

1360 3923 1375 4066 4

1371 4125 1375 4288 4
