2780 4320
161 165 201 211 10
301 236 314 252 ·
479 151 546 214 lee
567 152 647 234 Life
669 154 711 234 of
725 153 891 236 Agricola.

157 347 313 429 impetus,
345 349 504 432 majorem
544 352 769 416 constantiam
807 374 910 435 penes
949 356 1088 422 miseros
1120 378 1205 424 esse.

156 451 230 530 Jam
260 452 496 516 Britannorum
524 455 625 517 etiam
652 456 734 519 deos
758 457 916 535 misereri,
934 460 990 540 qui
1015 461 1206 525 Romanum

157 555 275 618 ducem
292 556 477 633 absentem,
495 557 550 639 qui
567 558 751 640 relegatum
769 559 803 621 in
819 560 882 623 alia
898 561 1007 647 insula
1023 565 1205 627 exercitum

156 659 346 722 detinerent
363 681 370 737 ;
394 659 461 741 jam
479 659 578 741 ipsos,
597 662 685 743 quod
705 662 934 726 difficillimum
956 662 1067 741 fuerit,
1085 667 1208 731 delibe-

96 775 110 816 ⁵
156 782 236 826 rare.
285 763 386 825 Porro
403 763 436 824 in
454 763 618 844 ejusmodi
642 764 790 828 consiliis
814 765 1032 847 periculosius
1056 788 1132 832 esse
1153 771 1208 834 de·

155 865 325 946 prehendi,
344 886 441 947 quam
464 867 594 930 audere.

181 988 265 1040 ,xvi
300 969 365 1032 His
396 977 497 1050 atque
521 968 644 1032 talibus
670 968 814 1032 invicem
839 968 1000 1047 instincti,
1032 970 1199 1033 Boadicea

153 1073 287 1156 generis
310 1072 393 1154 regii
418 1069 545 1135 femina
578 1072 663 1161 duce
690 1073 923 1154 (nequeenim
948 1093 1064 1136 sexum
1087 1075 1121 1135 in
1146 1074 1217 1135 im-'

153 1177 254 1260 periis
270 1176 477 1256 discernunt)
493 1194 666 1256 sumpsere
683 1174 829 1239 universi
846 1176 968 1239 bellum
982 1198 990 1254 ;
1013 1197 1051 1240 ac
1069 1197 1203 1258 sparsos

96 1307 121 1334 10
154 1301 214 1362 per
240 1280 377 1343 castella
407 1279 531 1342 milites
563 1279 757 1354 consectati,
787 1280 986 1361 expugnatis
1017 1280 1201 1362 praesidiis,

154 1385 259 1466 ipsam
291 1383 455 1446 coloniam
487 1383 640 1446 invasere
672 1392 708 1445 ut
739 1383 854 1446 sedem
886 1384 1065 1448 servitutis.
1129 1384 1203 1446 Nec

155 1487 257 1550 ullum
274 1487 308 1548 in
325 1485 472 1549 barbaris
495 1485 654 1549 saevitiae
676 1506 783 1568 genus
807 1486 918 1548 omisit
937 1486 986 1549 ira
1001 1496 1035 1550 et
1054 1486 1201 1550 victoria.

156 1585 257 1672 Quod
279 1590 344 1652 nisi
369 1590 535 1664 Paulinus,
561 1590 696 1672 cognito
720 1589 910 1670 provinciae
934 1600 1036 1664 motu,
1062 1610 1204 1672 propere

156 1694 377 1766 subvenisset,
396 1693 518 1756 amissa
534 1693 707 1756 Britannia
721 1690 828 1770 ioret;
852 1715 950 1776 quam
967 1694 1065 1756 unius
1087 1693 1204 1774 proelii

99 1825 123 1864 ιε
155 1796 291 1861 fortuna
306 1797 412 1860 veteri
434 1797 615 1878 patientiae
637 1797 792 1870 restituit,
811 1799 1005 1861 tenentibus
1027 1817 1118 1860 arma
1138 1797 1206 1878 ple-

156 1902 276 1982 risque,
295 1921 378 1982 quos
395 1899 602 1963 conscientia
617 1897 817 1963 deiectionis
833 1910 866 1963 et
884 1901 1019 1982 propius
1035 1922 1077 1964 ex
1092 1901 1204 1983 legato

158 2005 257 2068 timor
283 2004 439 2086 agitabat,
473 2024 516 2066 ne
554 2024 753 2086 quamquam
784 2005 939 2085 egregius
971 2014 1085 2068 cetera
1119 2024 1206 2067 arro-

111 2189 114 2196 ·
158 2118 277 2190 ganter
303 2107 337 2170 in
362 2108 493 2170 deditos
521 2117 563 2183 et,
591 2117 628 2170 ut
651 2127 731 2170 suae
755 2107 918 2190 cujusque
943 2107 1084 2189 injuriae
1106 2109 1203 2183 ultor,

158 2212 272 2275 durius
289 2211 486 2274 consuleret.
538 2210 664 2272 Missus
681 2210 782 2291 igitur
799 2211 974 2274 Petronius
990 2211 1204 2292 Turpilianus

101 2349 126 2376 ω
159 2327 326 2398 tamquam
350 2314 564 2390 exorabilior;
589 2324 622 2377 et
644 2313 776 2376 delictis
798 2314 945 2376 hostium
969 2335 1075 2377 novus
1099 2335 1206 2397 eoque

159 2419 386 2500 paenitentiae
420 2417 540 2492 mitior,
573 2417 768 2498 compositis
799 2417 964 2498 prioribus
1006 2416 1089 2480 nihil
1120 2419 1207 2482 ultra

159 2544 259 2586 ausus
278 2521 446 2585 Trebellio
473 2521 619 2583 Maximo
641 2520 845 2602 provinciam
869 2521 1013 2584 tradidit.
1071 2522 1207 2585 Trebel·

113 2618 115 2623 ’
159 2626 223 2688 lius
247 2625 382 2707 segnior
405 2633 438 2687 et
460 2624 560 2686 nullis
583 2634 767 2686 castrorum
787 2624 1025 2705 experimentis
1049 2625 1207 2688 comitate

160 2730 300 2811 quadam
325 2727 461 2791 curandi
484 2727 688 2808 provinciam
712 2726 828 2790 tenuit.
877 2728 1035 2791 Didicere
1053 2728 1120 2809 jam
1137 2728 1208 2791 bar-

103 2859 127 2897 25
159 2833 230 2896 bari
243 2852 373 2914 quoque
390 2831 565 2912 ignoscere
578 2830 668 2892 vitiis
681 2829 938 2904 blandientibus
951 2841 984 2893 et
998 2831 1207 2894 interventus

161 2937 305 3000 civilium
338 2954 504 2997 armorum
539 2933 691 3014 praebuit
725 2933 849 3014 justam
880 2934 1045 3016 segnitiae
1075 2955 1209 2998 excusa-

161 3040 295 3103 tionem.
345 3038 412 3101 Sed
435 3037 601 3120 discordia
621 3035 817 3112 laboratum,
836 3057 911 3100 cum
934 3047 1090 3100 assuetus
1113 3058 1209 3118 expe-

161 3139 343 3206 ditionibus
375 3141 471 3203 miles
502 3140 571 3202 otio
604 3139 781 3203 lasciviret.
841 3140 1030 3203 Trebellius
1060 3138 1140 3222 iuga
1170 3161 1209 3205 ac

161 3247 297 3311 latebris
321 3246 425 3309 vitata
453 3245 619 3307 exercitus
647 3243 703 3318 ira,
733 3244 909 3307 indecorus
937 3254 1037 3326 atque
1064 3245 1207 3319 humilis,

104 3380 129 3418 ³0
162 3351 309 3432 precario
327 3370 402 3412 mox
418 3344 568 3430 praefuit,
581 3367 619 3410 ac
632 3347 724 3409 velut
740 3347 836 3428 pacti,
850 3348 1016 3410 exercitus
1028 3347 1207 3425 licentiam,

162 3456 228 3518 dux
245 3455 405 3529 salutem;
429 3460 463 3514 et
480 3451 599 3514 seditio
617 3451 690 3513 sine
707 3451 869 3532 sanguine
889 3451 991 3513 stetit.
1041 3451 1114 3514 Nec
1131 3451 1211 3514 Vet-

162 3559 229 3622 tius
247 3558 402 3630 Bolanus,
420 3554 635 3617 manentibus
652 3554 759 3616 adhuc
779 3553 931 3616 civilibus
948 3554 1053 3628 bellis,
1072 3555 1210 3636 agitavit

163 3661 369 3724 Britanniam
383 3658 576 3740 disciplina:
593 3658 709 3720 eadem
726 3656 845 3718 inertia
861 3677 940 3738 erga
955 3658 1080 3732 hostes,
1094 3657 1211 3720 similis

163 3764 348 3846 petulantia
374 3771 577 3835 castrorum;
612 3759 676 3821 nisi
704 3760 791 3841 quod
818 3759 981 3822 innocens
1006 3760 1152 3823 Bolanus
1176 3770 1211 3825 et

105 3893 130 3934 as
163 3866 264 3930 nullis
285 3865 416 3929 delictis
437 3863 565 3926 invisus
593 3862 765 3925 caritatem
785 3871 958 3942 paraverat
976 3861 1051 3928 loco
1072 3863 1211 3927 auctori·

164 3970 253 4033 tatis.
