2780 4320
170 212 211 276 16
302 213 305 219 ’
347 173 350 180 ¹
501 209 568 273 The
589 209 731 292 Liseof
744 209 910 293 Agricola.

167 393 267 459 etiam
284 413 432 477 erupere,
450 402 484 457 et
504 389 569 457 fuit
590 402 684 456 atrox
705 393 739 456 in
761 393 841 475 ipsis
863 402 1033 476 portarum
1052 394 1217 478 angustiis

166 500 338 582 proelium,
356 500 464 563 donec
480 497 566 579 pulsi
583 498 707 574 hostes,
726 507 866 580 utroque
883 499 1032 562 exercitu
1054 510 1215 574 certante,

167 603 228 679 hie,
247 612 284 666 ut
304 603 422 666 tulisse
442 621 550 683 opem,
568 585 641 676 illis,
660 621 703 664 ne
722 601 856 682 eguisse
875 602 996 664 auxilio
1012 602 1213 667 viderentur.

168 706 269 788 Quod
285 706 349 769 nisi
365 705 501 787 paludes
523 713 558 768 et
579 702 682 767 silvae
700 701 870 786 fugientes
883 705 1056 780 texissent,
1074 706 1217 770 debella-

167 819 239 872 tum
269 809 325 872 illa
350 808 489 872 victoria
517 805 613 872 foret.
666 825 775 871 xxvii.
810 807 916 889 Cujus
942 809 1151 873 conscientia
1176 831 1216 874 ac

165 909 256 975 lama
274 909 369 974 ferox
387 909 561 986 exercitus,
579 908 661 972 nihil
683 909 797 972 virtuti
822 929 901 974 suae
921 909 1048 973 invium
1064 921 1098 974 et
1117 932 1217 992 pene·

167 1016 318 1079 trandam
350 1014 564 1079 Caledoniam
591 1013 896 1104 inveniendumque
923 1015 1059 1078 tandem
1087 1015 1217 1078 Britan-

166 1119 242 1182 niae
268 1119 446 1182 terminum
474 1117 633 1182 continuo
659 1117 858 1199 proeliorum
883 1139 981 1181 cursu
1004 1116 1215 1196 fremebant;

165 1232 266 1304 atque
279 1222 325 1284 illi
341 1222 438 1284 modo
452 1221 540 1284 cauti
557 1241 595 1284 ac
612 1221 790 1302 sapientes,
805 1222 949 1303 prompti
962 1231 1038 1303 post
1055 1233 1214 1287 eventum

167 1345 205 1389 ac
229 1325 431 1407 magniloqui
455 1333 559 1388 erant.
608 1324 821 1406 Iniquissima
845 1326 928 1389 haec
951 1325 1114 1388 bellorum
1138 1328 1216 1390 'con-

165 1429 252 1493 dicio
276 1439 348 1504 est;
374 1408 672 1510 prospera'omnes
700 1427 763 1491 sibi
786 1428 965 1505 vindicant,
990 1429 1130 1510 adversa
1156 1429 1215 1492 uni

165 1533 379 1614 imputantur.
432 1531 484 1594 At
515 1531 668 1594 Britanni
700 1552 769 1595 non
798 1531 923 1595 virtute
952 1553 987 1595 se
1013 1534 1121 1607 victos,
1153 1534 1215 1596 sed

165 1637 342 1718 occasione
373 1644 407 1698 et
437 1645 509 1699 arte
539 1636 634 1698 ducis
665 1636 737 1711 rati,
766 1635 847 1698 nihil
880 1655 921 1699 ex
950 1637 1141 1718 arrogantia
1166 1657 1216 1700 re-

90 1807 92 1811 ·
165 1740 308 1814 mittere,
331 1759 396 1821 quo
420 1739 530 1802 minus
553 1738 765 1820 juventutem
788 1748 964 1812 armarent,
989 1739 1151 1821 conjuges
1174 1760 1214 1804 ac

165 1841 288 1906 liberos
311 1843 343 1904 in
370 1841 443 1905 loca
466 1852 539 1905 tuta
559 1840 789 1915 transferrent,
813 1842 963 1905 coetibus
984 1863 1022 1906 ac
1043 1843 1214 1907 sacrificiis

164 1946 448 2026 conspirationem
470 1945 654 2008 civitatium
678 1945 864 2023 sancirent;
887 1955 987 2027 atque
1009 1945 1056 2009 ita
1076 1945 1214 2012 irritatis

163 2049 331 2130 utrimque
354 2048 473 2112 animis
496 2048 690 2111 discessum.

207 2170 331 2216 xxvur.
365 2152 493 2214 Eadem
519 2160 648 2215 aestate
671 2152 791 2215 cohors
816 2151 1020 2233 Usipiorum,
1045 2173 1105 2234 per
1133 2153 1214 2216 Ger-

164 2257 292 2318 manias
305 2255 494 2336 conscripta
509 2265 544 2318 et
560 2255 593 2317 in
611 2255 818 2318 Britanniam
835 2256 1038 2332 transmissa,
1053 2276 1213 2339 magnum

164 2380 203 2424 ac
224 2358 438 2423 memorabile
458 2355 588 2421 lacinus
610 2379 690 2422 ausa
713 2369 773 2423 est.
822 2359 944 2423 Occiso
961 2361 1157 2424 centurione
1173 2381 1213 2424 ac

164 2463 333 2537 militibus
348 2461 403 2544 qui
419 2462 460 2524 ad
476 2462 670 2525 tradendam
687 2461 896 2543 disciplinam
912 2462 1049 2526 immisti
1065 2463 1214 2545 manipu-

163 2566 204 2628 lis
231 2566 419 2646 exemplum
446 2574 481 2628 et
511 2575 658 2628 rectores
689 2565 906 2641 habebantur,
931 2575 1000 2629 tres
1031 2565 1212 2630 liburnicas

163 2671 289 2733 adactis
306 2690 366 2750 per
379 2670 446 2732 vim
463 2669 742 2750 gubernatoribus
758 2671 957 2746 ascendere;
980 2679 1015 2734 et
1031 2691 1099 2733 uno
1118 2672 1214 2734 remi-

163 2783 274 2855 gante,
293 2773 458 2854 suspectis
477 2773 607 2836 duobus
631 2792 737 2854 eoque
760 2769 957 2847 interiectis,
975 2775 1125 2837 nondum
1144 2775 1213 2838 vul-

163 2886 241 2958 gato
272 2896 404 2939 rumore
432 2884 468 2938 ut
495 2875 690 2939 miraculum
717 2876 1013 2956 praevehebantur.
1063 2879 1143 2941 Mox
1169 2876 1213 2943 ad

163 3001 281 3062 aquam
294 2989 394 3062 atque
407 2979 501 3042 utilia
516 2980 685 3061 rapientes
702 2999 777 3042 cum
794 2980 961 3062 plerisque
975 2981 1212 3047 Britannorum

163 3105 223 3147 sua
243 3081 491 3147 defensantium
513 3083 640 3164 proelio
664 3083 845 3164 congressi,
869 3102 908 3147 ac
932 3103 1032 3165 saepe
1055 3086 1210 3162 victores,

162 3187 339 3269 aliquando
362 3186 457 3268 pulsi,
476 3207 516 3250 eo
539 3187 580 3249 ad
604 3195 789 3249 extremum
811 3186 943 3267 inopiae
958 3208 1091 3264 venere,
1110 3199 1146 3251 ut
1166 3190 1214 3253 in·

162 3291 370 3354 firmissimos
387 3311 530 3365 suorum,
546 3311 623 3353 mox
639 3300 729 3352 sorte
745 3290 864 3353 ductos
877 3303 1101 3356 vescerentur.
1150 3293 1214 3358 At-

162 3415 227 3477 que
254 3395 300 3458 ita
325 3395 540 3458 circumvecti
565 3394 782 3467 Britanniam,
807 3394 937 3457 arnissis
961 3415 1021 3476 per
1044 3395 1212 3462 inscitiam

162 3499 300 3581 regendi
321 3499 470 3573 navibus,
488 3518 547 3581 pro
564 3497 788 3580 praedonibus
804 3498 917 3575 habiti,
935 3499 1079 3580 primurn
1095 3521 1115 3562 a
1131 3500 1214 3564 Sue-

161 3602 220 3676 vis,
239 3623 315 3664 mox
337 3622 357 3665 a
381 3601 499 3664 Frisiis
522 3600 703 3682 intercepti
726 3609 813 3664 sunt.
860 3599 916 3665 Ac
931 3599 1026 3666 luere
1047 3623 1130 3684 quos
1152 3624 1213 3685 per

162 3705 361 3770 commercia
375 3704 596 3767 venumdatos
620 3712 654 3766 et
677 3702 711 3764 in
733 3713 881 3766 nostram
902 3724 1006 3786 usque
1022 3705 1127 3786 ripam
1143 3727 1213 3770 mu-

148 3808 289 3880 ,tatione
312 3805 496 3871 ementium
518 3805 680 3869 adductos
708 3804 867 3870 indicium
892 3807 978 3871 tanti
1003 3827 1100 3874 casus
1124 3809 1213 3874 illus-

102 3939 128 3980 ³⁵
161 3911 269 3974 travit.
