2780 4320
162 177 185 240 6
486 177 518 241 T
512 177 552 241 lte
574 173 652 260 Life
674 177 714 260 os
728 179 890 262 Agricola.

163 365 305 448 quidem,
323 365 376 430 cui
396 387 496 450 saepe
518 368 617 431 etiam
634 368 713 431 boni
730 368 914 451 indulgent,
933 369 1135 433 ostentanda
1149 368 1209 433 vir·

163 478 235 532 tute
265 480 322 532 aut
352 490 411 551 per
434 481 539 534 artem
563 470 745 553 quaesivit;
776 473 891 553 procul
918 473 960 536 ab
986 474 1210 537 aemulatione

163 573 322 636 adversus
350 575 503 656 collegas,
529 575 643 656 procul
667 595 686 637 a
709 576 926 638 contentione
953 577 1112 640 adversus
1140 599 1212 658 pro·

102 751 105 758 Δ
164 686 341 753 curatores
360 687 394 740 et
409 678 543 741 vincere
563 677 741 760 inglorium
764 689 798 742 et
820 680 919 743 atteri
941 681 1109 744 sordidum
1129 682 1210 744 arbi

164 765 320 844 trabatur.
378 781 494 844 Minus
521 781 701 844 triennium
729 782 763 844 in
792 803 831 845 ea
857 784 1025 865 legatione
1052 785 1211 848 detentus

164 883 334 946 aestatim
355 885 396 947 ad
418 905 511 965 spem
536 886 730 948 consulatus
754 897 928 950 revocatus
950 897 1010 964 est,
1029 888 1211 952 comitante

164 986 321 1067 opinione
345 987 552 1050 Britanniam
577 988 607 1051 ei
631 989 834 1069 provinciam
859 991 938 1066 dari,
965 989 1065 1052 nullis
1088 991 1123 1053 in
1147 993 1209 1054 hoc

165 1089 234 1152 suis
251 1091 469 1165 sermonibus
488 1092 546 1155 sed
563 1092 639 1174 quia
655 1113 715 1174 par
729 1093 911 1157 videbatur.
960 1094 1062 1156 Haud
1079 1113 1211 1175 semper

164 1201 252 1256 errat
267 1190 374 1270 fama3
398 1195 574 1277 aliquando
598 1206 632 1259 et
655 1196 765 1278 elegit.
815 1195 941 1260 Consul
963 1197 1118 1278 egregiae
1140 1208 1206 1262 tum

164 1297 236 1378 spei
261 1297 362 1360 filiam
387 1298 502 1380 juveni
526 1300 607 1362 mihi
630 1299 809 1382 despondit
835 1321 873 1362 ac
900 1309 977 1381 post
1001 1301 1206 1364 consulatum

164 1401 359 1479 collocavit;
383 1414 417 1467 et
433 1404 545 1467 statim
563 1404 755 1467 Britanniae
773 1404 982 1486 praepositus
999 1413 1060 1478 est,
1078 1405 1211 1486 adjecto

163 1506 379 1588 pontificatus
396 1506 591 1572 sacerdotio,
619 1548 621 1553 ,

207 1732 239 1779 x,
273 1707 466 1779 Britanniae
496 1715 597 1779 situm
625 1715 833 1798 populosque
855 1715 969 1780 multis
993 1716 1211 1798 scriptoribus

164 1830 366 1882 memoratos
404 1840 472 1882 non
510 1819 545 1881 in
584 1820 864 1901 comparationem
903 1841 1001 1883 curae
1042 1821 1212 1902 ingeniive

163 1920 314 1999 referam,
332 1923 391 1986 sed
407 1923 484 2004 quia
506 1933 577 1986 tum
600 1923 742 2003 primum
759 1922 944 2003 perdomita
963 1933 1034 2000 est;
1058 1924 1104 1986 ita
1127 1945 1211 2006 quac

163 2026 290 2107 priores
314 2027 463 2089 nondum
487 2036 658 2107 comperta
674 2025 864 2108 eloquentia
879 2027 1082 2107 percoluere,
1100 2047 1209 2091 rerum

163 2130 229 2193 fide
263 2131 444 2195 tradentur.
504 2130 685 2204 Britannia,
723 2129 905 2220 insularum
939 2151 1020 2208 quas
1058 2131 1211 2194 Romana

163 2234 283 2298 notitia
306 2233 540 2317 complectitur
563 2233 713 2309 maxima,
736 2234 844 2314 spatio
867 2254 905 2296 ac
930 2233 1023 2297 caelo
1047 2233 1081 2296 in
1105 2235 1211 2298 orien-

162 2346 231 2400 tem
258 2337 466 2412 Germaniae,
493 2338 527 2400 in
553 2338 762 2401 occidentem
790 2337 975 2418 Hispaniae
1000 2338 1193 2401 obtenditur
1202 2359 1209 2415 ;

107 2524 109 2529 ,
163 2440 267 2505 Gallis
294 2441 328 2504 in
359 2443 532 2507 meridiem
563 2441 663 2504 etiam
694 2440 877 2522 inspicitur.
926 2439 1210 2522 Septentrionalia

161 2544 244 2626 ejus,
263 2545 363 2609 nullis
386 2557 504 2609 contra
525 2545 632 2618 terris,
653 2554 749 2607 vasto
773 2555 873 2626 atque
896 2554 1011 2626 aperto
1036 2544 1117 2606 mari
1140 2544 1210 2625 pul-

161 2658 285 2712 santur.
344 2651 500 2712 Formam
535 2648 639 2711 totius
674 2646 866 2711 Britanniae
899 2647 1014 2710 Livius
1045 2658 1207 2722 veterum,

162 2752 287 2815 Fabius
322 2752 483 2816 Rusticus
519 2751 704 2815 recentium
741 2750 1007 2833 eloquentissimi
1043 2760 1207 2826 auctores,

160 2855 325 2937 oblongae
342 2856 491 2919 scutulae
507 2855 560 2919 vel
577 2854 714 2936 bipenni
730 2855 976 2919 assimulavere.
1024 2855 1070 2917 Et
1094 2865 1145 2917 est
1169 2875 1209 2919 ea

159 2955 262 3022 iacies
279 2960 361 3022 citra
378 2959 603 3038 Caledoniam,
622 2959 710 3020 unde
727 2968 761 3021 et
777 2958 811 3020 in
829 2958 1020 3021 universum
1043 2955 1132 3021 fama
1155 2970 1208 3023 est

159 3071 387 3143 transgressa;
411 3063 469 3125 sed
486 3061 686 3124 immensum
704 3072 737 3125 et
754 3081 891 3125 enorme
907 3062 1052 3142 spatium
1075 3082 1209 3143 procur·

159 3166 303 3229 rentium
320 3175 468 3229 extremo
491 3165 559 3247 jam
582 3165 679 3228 litore
703 3176 864 3229 terrarum
888 3165 980 3229 velut
1004 3165 1038 3228 in
1062 3186 1207 3229 cuneum

110 3317 113 3324 ,
159 3278 324 3333 tenuatur.
358 3269 458 3332 Hanc
475 3289 566 3332 oram
583 3268 755 3331 novissimi
772 3269 871 3332 maris
887 3277 969 3332 tunc
986 3269 1128 3350 primum
1143 3270 1210 3332 Ro·

158 3393 257 3437 mana
277 3372 393 3437 classis
412 3372 635 3436 circumvecta
653 3371 796 3434 insulam
809 3392 884 3435 esse
902 3372 1108 3435 Britanniam
1125 3372 1209 3435 affir-

158 3477 270 3553 mavit,
291 3497 329 3540 ac
352 3476 450 3539 simul
474 3475 663 3557 incognitas
686 3475 727 3538 ad
751 3475 783 3537 id
806 3484 940 3557 tempus
965 3475 1099 3549 insulas,
1125 3496 1207 3557 quas

159 3580 307 3645 Orcadas
334 3588 464 3654 vocant,
493 3578 622 3641 invenit
650 3578 853 3660 domuitque.
910 3579 1074 3660 Dispecta
1097 3589 1149 3643 est
1173 3589 1207 3642 et

157 3684 276 3758 Thule,
294 3682 371 3766 quia
386 3683 548 3746 hactenus
569 3681 707 3764 jussum,
726 3690 760 3744 et
776 3682 883 3745 hiems
900 3683 1087 3763 appetebat.
1139 3681 1206 3746 Sed

157 3807 248 3852 mare
266 3786 397 3869 pigrum
417 3795 450 3849 et
471 3805 572 3868 grave
592 3785 850 3866 remigantibus;
876 3786 1054 3868 perhibent
1071 3805 1114 3849 ne
1130 3806 1208 3850 ven-

158 3891 202 3956 tis
221 3891 355 3978 quidem
378 3882 517 3972 perinde
539 3887 646 3953 attolli
657 3907 666 3967 ;
693 3889 802 3964 cred0,
827 3890 915 3974 quod
937 3889 1078 3955 rariores
1099 3898 1208 3954 terrae
