2780 4320
457 257 568 370 naara
589 307 630 389 os
645 307 807 391 agnata
1117 322 1159 390 27

21 569 25 576 ,
106 502 255 576 ereptus
273 500 434 574 quantum
451 492 491 555 ad
508 491 656 573 gloriam,
674 491 906 574 longissimum
928 511 1047 554 aevum
1070 512 1161 574 pere-

106 598 178 679 git;
202 597 325 679 quippe
341 605 375 660 et
395 615 473 658 vera
496 596 592 672 bona,
610 616 694 677 quae
718 595 752 657 in
776 596 956 658 virtutibus
981 596 1045 658 sita
1069 606 1157 674 sunt,

106 701 316 782 impleverat,
343 709 376 762 et
404 698 570 763 consulari
594 719 633 763 ac
664 699 920 782 triumphalibus
953 700 1159 762 ornamentis

92 803 261 885 'praedito
283 803 362 884 quid
383 801 471 865 aliud
488 803 661 866 adstruere
676 799 812 866 fortuna
827 805 982 884 poterat?
1028 802 1158 885 Opibus

107 907 221 968 nimiis
239 926 305 968 non
325 906 501 988 gaudebat,
520 905 690 986 speciosae
704 905 924 988 contigerant.
959 906 1044 969 Filia
1059 916 1158 989 atque

107 1029 211 1072 uxore
225 1008 471 1090 superstitibus,
486 1019 598 1090 potest
611 1009 716 1072 videri
729 1009 830 1073 etiam
843 1010 979 1086 beatus;
1001 1009 1159 1092 incqlumi

107 1113 283 1194 dignitate,
301 1112 441 1175 florente
464 1109 561 1189 lama,
588 1112 687 1176 salvis
712 1113 930 1176 affinitatibus
950 1123 984 1177 et
1002 1113 1158 1177 amicitiis

107 1213 223 1278 futura
246 1211 413 1297 effugisse.
462 1215 549 1278 Nam
566 1216 665 1281 sicuti
682 1239 743 1280 non
762 1216 858 1280 licuit
871 1218 990 1280 durare
1013 1217 1047 1279 in
1072 1218 1158 1280 hanc

107 1319 294 1382 beatissimi
312 1319 434 1383 saeculi
451 1319 560 1384 lucem
576 1341 614 1385 ac
632 1320 816 1403 principem
833 1320 1016 1402 Traianum
1033 1321 1157 1398 videre,

108 1423 198 1504 quod
220 1423 357 1504 augurio
373 1423 528 1505 votisque
551 1425 638 1505 apud
662 1434 793 1487 nostras
816 1443 914 1487 aures
937 1424 1158 1501 ominabatur,

42 1561 47 1572 ·
108 1526 157 1588 ita
173 1523 352 1590 festinatae
368 1527 486 1590 mortis
502 1529 628 1609 grande
645 1527 804 1591 solacium
821 1527 908 1603 tulit,
923 1527 1071 1590 evasisse
1087 1549 1161 1609 pos-

109 1625 255 1691 tremum
288 1629 367 1692 illud
399 1638 542 1711 tempus,
570 1651 636 1713 quo
664 1631 879 1694 Domitianus
907 1651 974 1694 non
1005 1630 1073 1714 jam
1101 1651 1160 1720 per

33 1717 37 1726 ¹
109 1733 287 1796 intervalla
312 1753 350 1796 ac
382 1734 586 1814 spiramenta
616 1744 815 1816 temporum,
843 1734 903 1798 sed
933 1734 1093 1798 continuo
1125 1744 1159 1798 et

11 1835 12 1840 ’
108 1836 203 1899 velut
227 1857 294 1899 uno
317 1836 386 1900 ictu
403 1835 640 1916 rempublicam
666 1837 828 1900 exhausit.
875 1855 953 1901 xcv.
984 1837 1061 1926 Nqn
1077 1837 1160 1900 vidit

109 1939 273 2022 Agricola
300 1940 471 2002 obsessam
498 1940 622 2002 curiam
650 1950 683 2002 et
709 1939 858 2004 clausum
883 1941 983 2004 armis
1007 1951 1160 2004 senatum

109 2049 145 2105 et
172 2044 287 2105 eadem
312 2053 424 2124 strage
448 2052 499 2105 tot
528 2042 751 2106 consularium
774 2045 902 2121 caedeS,
920 2054 970 2106 tot
998 2044 1163 2107 nobilissi-

109 2139 239 2208 mar'um
254 2143 453 2208 feminarum
470 2146 586 2208 exsilia
602 2156 634 2208 et
652 2144 757 2228 fugas
805 2147 883 2210 Una
898 2148 1005 2212 adhuc
1021 2148 1162 2211 victoria

12 2281 13 2290 κ
109 2248 218 2311 Carus
235 2249 360 2311 Metius
385 2249 594 2325 censebatur,
613 2259 646 2312 et
669 2250 756 2312 intra
777 2250 945 2313 Albanam
961 2272 1071 2314 arcem
1089 2272 1161 2313 sen-

108 2352 218 2415 tentia
242 2351 416 2415 Messalini
439 2353 620 2433 strepebat,
638 2363 671 2415 et
690 2353 804 2416 Massa
821 2353 964 2416 Baebius
987 2364 1059 2416 tum
1083 2375 1159 2417 reus

107 2465 190 2519 erat.
208 2499 210 2504 -
230 2455 310 2518 Mox
333 2465 467 2518 nostrae
491 2457 614 2518 duxere
633 2455 827 2519 Helvidium
848 2456 881 2518 in
905 2477 1071 2520 carcerem
1095 2479 1160 2520 ma-

107 2580 182 2634 nuS,
203 2578 264 2621 nos
290 2559 430 2622 Maurici
455 2559 654 2641 Rusticique
675 2559 776 2636 visus,
805 2581 867 2623 nos
892 2560 1063 2623 innocenti
1089 2581 1160 2624 san-

105 2662 211 2745 guine
235 2662 378 2726 Senecio
400 2659 555 2743 perfudit.
604 2663 695 2726 Nero
719 2673 831 2725 tamen
856 2664 1019 2727 subtraxit
1045 2664 1158 2728 oculos

107 2786 187 2828 suos
223 2765 389 2847 jussitque
420 2765 556 2842 scelera,
584 2787 651 2828 non
679 2767 866 2847 spectavit;
897 2767 1073 2849 praecipua
1097 2769 1158 2830 sub

107 2869 304 2932 Domitiano
327 2870 534 2932 miseriarum
559 2891 635 2951 pars
661 2880 731 2932 erat
755 2870 869 2932 videre
894 2880 928 2932 et
951 2871 1063 2951 aspici,
1082 2891 1157 2933 cum

107 2973 396 3053 suspirianostra
434 2973 733 3049 subscriberentur,
767 2994 842 3036 curn
876 2973 1075 3036 denotandis
1106 2984 1156 3037 tot

106 3075 280 3138 hominum
297 3075 476 3156 palloribus
494 3076 662 3138 sufficeret
676 3096 795 3138 saevus
811 3075 866 3138 ille
876 3075 989 3139 vultus
1002 3086 1035 3138 et
1047 3077 1156 3154 rubor,

106 3198 173 3260 quo
190 3198 226 3240 se
242 3188 360 3240 contra
376 3179 535 3258 pudorem
552 3178 732 3243 muniebat.

150 3288 203 3355 Tu
219 3305 299 3348 vero
323 3281 411 3359 felix,
436 3282 607 3366 Agricola,
632 3303 699 3345 non
723 3281 812 3344 vitae
836 3290 968 3343 tantum
994 3278 1154 3355 claritate,

105 3390 167 3454 sed
205 3388 306 3451 etiam
345 3385 596 3468 opportunitate
633 3384 760 3448 mortis.
810 3384 858 3448 Ut
891 3383 1067 3465 perhibent
1099 3383 1155 3464 qui

105 3488 333 3556 interfuerunt
364 3488 555 3552 novissimis
584 3487 793 3551 sermonibus
824 3486 902 3562 tuis,
932 3495 1090 3549 constans
1122 3495 1155 3548 et
1192 3506 1217 3544 ³0

105 3595 217 3658 libens
232 3591 338 3655 iatum
353 3591 524 3672 excepisti,
539 3599 708 3672 tamquam
722 3609 781 3670 pro
793 3589 880 3652 virili
896 3589 1050 3671 portione
1067 3588 1159 3650 inno-

107 3697 254 3762 centiam
270 3695 413 3776 principi
428 3695 579 3757 donares.
615 3693 683 3756 Sed
698 3691 780 3754 mihi
798 3692 950 3774 filiaeque
967 3692 1050 3774 ejus,
1068 3711 1159 3772 prae-

106 3811 160 3865 ter
175 3798 394 3864 acerbitatem
416 3796 565 3879 parentis
589 3795 705 3877 erepti,
722 3804 822 3877 auget
839 3795 1052 3872 maestitiam,
1070 3795 1158 3877 quod

15 3891 17 3912 '
107 3893 257 3969 assideie
287 3900 480 3977 valetudini,
512 3896 626 3964 fovere
664 3898 886 3973 deficientem,
919 3897 1032 3960 satiari
1063 3897 1158 3959 vultu

108 4006 351 4089 complexuque
381 4025 449 4084 non
480 4001 644 4084 contigit;
674 3999 922 4082 excepissemus
950 4008 1042 4062 certe
1069 4018 1159 4062 man·
1192 4018 1219 4060 as
