<?xml version="1.0" encoding="UTF-8"?>
<!DOCTYPE html PUBLIC "-//W3C//DTD XHTML 1.0 Transitional//EN"
    "http://www.w3.org/TR/xhtml1/DTD/xhtml1-transitional.dtd">
<html xmlns="http://www.w3.org/1999/xhtml" xml:lang="en" lang="en">
 <head>
  <title>
</title>
<meta http-equiv="Content-Type" content="text/html;charset=utf-8" />
  <meta name='ocr-system' content='tesseract 3.04.00' />
  <meta name='ocr-capabilities' content='ocr_page ocr_carea ocr_par ocr_line ocrx_word'/>
</head>
<body>
  <div class='ocr_page' id='page_1' title='image "./pcornelitacitiv01tacigoog_0028.png"; bbox 0 0 2780 4320; ppageno 0'>
   <div class='ocr_carea' id='block_1_1' title="bbox 356 211 1226 297">
    <p class='ocr_par' dir='ltr' id='par_1_1' title="bbox 356 211 1226 297">
     <span class='ocr_line' id='line_1_1' title="bbox 356 211 1226 297; baseline 0 -21"><span class='ocrx_word' id='word_1_1' title='bbox 356 245 358 251; x_wconf 94' lang='lat'>·</span> <span class='ocrx_word' id='word_1_2' title='bbox 457 213 577 277; x_wconf 81' lang='lat' dir='ltr'>Revolt</span> <span class='ocrx_word' id='word_1_3' title='bbox 597 215 639 297; x_wconf 68' lang='lat' dir='ltr'>eff</span> <span class='ocrx_word' id='word_1_4' title='bbox 654 213 707 277; x_wconf 80' lang='lat' dir='ltr'>the</span> <span class='ocrx_word' id='word_1_5' title='bbox 731 211 953 279; x_wconf 77' lang='lat' dir='ltr'><em>Caledoniam.</em></span> <span class='ocrx_word' id='word_1_6' title='bbox 1191 225 1226 292; x_wconf 79' lang='lat'>15</span> 
     </span>
    </p>
   </div>
   <div class='ocr_carea' id='block_1_2' title="bbox 176 400 1285 4008">
    <p class='ocr_par' dir='ltr' id='par_1_2' title="bbox 177 400 1229 589">
     <span class='ocr_line' id='line_1_2' title="bbox 178 400 1229 485; baseline 0.001 -20"><span class='ocrx_word' id='word_1_7' title='bbox 178 403 337 466; x_wconf 83' lang='lat' dir='ltr'>adversus</span> <span class='ocrx_word' id='word_1_8' title='bbox 368 401 576 467; x_wconf 86' lang='lat' dir='ltr'><strong>Britanniam</strong></span> <span class='ocrx_word' id='word_1_9' title='bbox 607 400 826 485; x_wconf 86' lang='lat' dir='ltr'>profuturum,</span> <span class='ocrx_word' id='word_1_10' title='bbox 860 403 888 466; x_wconf 91' lang='lat' dir='ltr'>si</span> <span class='ocrx_word' id='word_1_11' title='bbox 920 405 1074 467; x_wconf 91' lang='lat' dir='ltr'>Romana</span> <span class='ocrx_word' id='word_1_12' title='bbox 1106 401 1229 485; x_wconf 88' lang='lat' dir='ltr'>ubique</span> 
     </span>
     <span class='ocr_line' id='line_1_3' title="bbox 177 507 1023 589; baseline 0.005 -22"><span class='ocrx_word' id='word_1_13' title='bbox 177 527 277 586; x_wconf 83' lang='lat' dir='ltr'>arma,</span> <span class='ocrx_word' id='word_1_14' title='bbox 296 517 330 570; x_wconf 93' lang='lat' dir='ltr'>et</span> <span class='ocrx_word' id='word_1_15' title='bbox 345 507 437 569; x_wconf 86' lang='lat' dir='ltr'>velut</span> <span class='ocrx_word' id='word_1_16' title='bbox 454 527 472 571; x_wconf 90' lang='lat' dir='ltr'>e</span> <span class='ocrx_word' id='word_1_17' title='bbox 488 518 673 589; x_wconf 85' lang='lat' dir='ltr'>conspectu</span> <span class='ocrx_word' id='word_1_18' title='bbox 689 507 825 571; x_wconf 89' lang='lat' dir='ltr'>libertas</span> <span class='ocrx_word' id='word_1_19' title='bbox 842 507 1023 571; x_wconf 90' lang='lat' dir='ltr'>tolleretur.</span> 
     </span>
    </p>

    <p class='ocr_par' dir='ltr' id='par_1_3' title="bbox 178 609 1228 2971">
     <span class='ocr_line' id='line_1_4' title="bbox 222 609 1228 693; baseline 0.002 -21"><span class='ocrx_word' id='word_1_20' title='bbox 222 629 302 674; x_wconf 91' lang='lat' dir='ltr'>xxv.</span> <span class='ocrx_word' id='word_1_21' title='bbox 337 610 496 674; x_wconf 88' lang='lat' dir='ltr'>Ceterum</span> <span class='ocrx_word' id='word_1_22' title='bbox 531 620 669 686; x_wconf 88' lang='lat' dir='ltr'>aestate,</span> <span class='ocrx_word' id='word_1_23' title='bbox 702 631 767 693; x_wconf 91' lang='lat' dir='ltr'>qua</span> <span class='ocrx_word' id='word_1_24' title='bbox 803 621 934 674; x_wconf 88' lang='lat' dir='ltr'>sextum</span> <span class='ocrx_word' id='word_1_25' title='bbox 968 609 1068 674; x_wconf 87' lang='lat' dir='ltr'>officii</span> <span class='ocrx_word' id='word_1_26' title='bbox 1103 630 1228 674; x_wconf 90' lang='lat' dir='ltr'>annum</span> 
     </span>
     <span class='ocr_line' id='line_1_5' title="bbox 178 713 1226 796; baseline 0.003 -21"><span class='ocrx_word' id='word_1_27' title='bbox 178 713 366 790; x_wconf 85' lang='lat' dir='ltr'>incohabat,</span> <span class='ocrx_word' id='word_1_28' title='bbox 399 715 571 796; x_wconf 91' lang='lat' dir='ltr'>amplexus</span> <span class='ocrx_word' id='word_1_29' title='bbox 603 714 756 779; x_wconf 92' lang='lat' dir='ltr'>civitates</span> <span class='ocrx_word' id='word_1_30' title='bbox 787 724 879 778; x_wconf 94' lang='lat' dir='ltr'>trans</span> <span class='ocrx_word' id='word_1_31' title='bbox 912 715 1104 778; x_wconf 87' lang='lat' dir='ltr'>Bodotriam</span> <span class='ocrx_word' id='word_1_32' title='bbox 1137 715 1226 790; x_wconf 89' lang='lat' dir='ltr'>sitas,</span> 
     </span>
     <span class='ocr_line' id='line_1_6' title="bbox 178 815 1228 900; baseline 0.002 -21"><span class='ocrx_word' id='word_1_33' title='bbox 178 818 255 900; x_wconf 93' lang='lat' dir='ltr'>quia</span> <span class='ocrx_word' id='word_1_34' title='bbox 271 827 381 880; x_wconf 90' lang='lat' dir='ltr'>motus</span> <span class='ocrx_word' id='word_1_35' title='bbox 398 818 626 882; x_wconf 91' lang='lat' dir='ltr'>universarum</span> <span class='ocrx_word' id='word_1_36' title='bbox 644 817 731 881; x_wconf 91' lang='lat' dir='ltr'>ultra</span> <span class='ocrx_word' id='word_1_37' title='bbox 746 818 897 900; x_wconf 89' lang='lat' dir='ltr'>gentium</span> <span class='ocrx_word' id='word_1_38' title='bbox 915 827 949 881; x_wconf 91' lang='lat' dir='ltr'>et</span> <span class='ocrx_word' id='word_1_39' title='bbox 962 815 1085 881; x_wconf 90' lang='lat' dir='ltr'>iniesta</span> <span class='ocrx_word' id='word_1_40' title='bbox 1096 818 1228 882; x_wconf 92' lang='lat' dir='ltr'>hostilis</span> 
     </span>
     <span class='ocr_line' id='line_1_7' title="bbox 178 920 1228 1003; baseline 0.001 -19"><span class='ocrx_word' id='word_1_41' title='bbox 178 921 344 984; x_wconf 89' lang='lat' dir='ltr'>exercitus</span> <span class='ocrx_word' id='word_1_42' title='bbox 367 920 487 984; x_wconf 90' lang='lat' dir='ltr'>itinera</span> <span class='ocrx_word' id='word_1_43' title='bbox 510 921 722 996; x_wconf 88' lang='lat' dir='ltr'>timebantur,</span> <span class='ocrx_word' id='word_1_44' title='bbox 749 932 865 1002; x_wconf 91' lang='lat' dir='ltr'>portus</span> <span class='ocrx_word' id='word_1_45' title='bbox 896 921 1004 985; x_wconf 90' lang='lat' dir='ltr'>classe</span> <span class='ocrx_word' id='word_1_46' title='bbox 1034 921 1228 1003; x_wconf 85' lang='lat' dir='ltr'>exploravit.</span> 
     </span>
     <span class='ocr_line' id='line_1_8' title="bbox 179 1015 1228 1108; baseline 0.001 -22"><span class='ocrx_word' id='word_1_47' title='bbox 179 1023 281 1106; x_wconf 78' lang='lat' dir='ltr'>Quae.</span> <span class='ocrx_word' id='word_1_48' title='bbox 299 1025 341 1087; x_wconf 92' lang='lat' dir='ltr'>ab</span> <span class='ocrx_word' id='word_1_49' title='bbox 357 1024 517 1107; x_wconf 86' lang='lat' dir='ltr'>Agricola</span> <span class='ocrx_word' id='word_1_50' title='bbox 539 1025 681 1106; x_wconf 91' lang='lat' dir='ltr'>primum</span> <span class='ocrx_word' id='word_1_51' title='bbox 693 1035 877 1108; x_wconf 85' lang='lat' dir='ltr'>assumpta</span> <span class='ocrx_word' id='word_1_52' title='bbox 900 1024 934 1088; x_wconf 91' lang='lat' dir='ltr'>in</span> <span class='ocrx_word' id='word_1_53' title='bbox 946 1015 1086 1106; x_wconf 78' lang='lat' dir='ltr'>&#39;partem</span> <span class='ocrx_word' id='word_1_54' title='bbox 1109 1025 1228 1087; x_wconf 90' lang='lat' dir='ltr'>virium</span> 
     </span>
     <span class='ocr_line' id='line_1_9' title="bbox 179 1127 1227 1211; baseline 0 -21"><span class='ocrx_word' id='word_1_55' title='bbox 179 1129 381 1210; x_wconf 87' lang='lat' dir='ltr'>sequebatur</span> <span class='ocrx_word' id='word_1_56' title='bbox 400 1129 535 1211; x_wconf 89' lang='lat' dir='ltr'>egregia</span> <span class='ocrx_word' id='word_1_57' title='bbox 554 1129 674 1210; x_wconf 91' lang='lat' dir='ltr'>specie,</span> <span class='ocrx_word' id='word_1_58' title='bbox 694 1149 769 1192; x_wconf 93' lang='lat' dir='ltr'>cum</span> <span class='ocrx_word' id='word_1_59' title='bbox 793 1129 890 1191; x_wconf 88' lang='lat' dir='ltr'>simul</span> <span class='ocrx_word' id='word_1_60' title='bbox 915 1138 1003 1192; x_wconf 91' lang='lat' dir='ltr'>terra</span> <span class='ocrx_word' id='word_1_61' title='bbox 1026 1127 1123 1191; x_wconf 92' lang='lat' dir='ltr'>simul</span> <span class='ocrx_word' id='word_1_62' title='bbox 1147 1128 1227 1192; x_wconf 89' lang='lat' dir='ltr'>mari</span> 
     </span>
     <span class='ocr_line' id='line_1_10' title="bbox 178 1231 1227 1313; baseline 0 -18"><span class='ocrx_word' id='word_1_63' title='bbox 178 1232 303 1295; x_wconf 90' lang='lat' dir='ltr'>bellum</span> <span class='ocrx_word' id='word_1_64' title='bbox 341 1231 575 1313; x_wconf 89' lang='lat' dir='ltr'>impelleretur,</span> <span class='ocrx_word' id='word_1_65' title='bbox 610 1252 649 1295; x_wconf 88' lang='lat' dir='ltr'>ac</span> <span class='ocrx_word' id='word_1_66' title='bbox 681 1251 781 1312; x_wconf 87' lang='lat' dir='ltr'>saepe</span> <span class='ocrx_word' id='word_1_67' title='bbox 817 1232 934 1294; x_wconf 91' lang='lat' dir='ltr'>iisdem</span> <span class='ocrx_word' id='word_1_68' title='bbox 973 1231 1091 1295; x_wconf 90' lang='lat' dir='ltr'>castris</span> <span class='ocrx_word' id='word_1_69' title='bbox 1124 1233 1227 1311; x_wconf 91' lang='lat' dir='ltr'>pedes</span> 
     </span>
     <span class='ocr_line' id='line_1_11' title="bbox 178 1334 1228 1417; baseline 0.001 -20"><span class='ocrx_word' id='word_1_70' title='bbox 178 1355 348 1417; x_wconf 89' lang='lat' dir='ltr'>equesque</span> <span class='ocrx_word' id='word_1_71' title='bbox 364 1345 399 1398; x_wconf 93' lang='lat' dir='ltr'>et</span> <span class='ocrx_word' id='word_1_72' title='bbox 415 1336 568 1398; x_wconf 88' lang='lat' dir='ltr'>nauticus</span> <span class='ocrx_word' id='word_1_73' title='bbox 592 1336 697 1410; x_wconf 89' lang='lat' dir='ltr'>miles,</span> <span class='ocrx_word' id='word_1_74' title='bbox 716 1335 807 1398; x_wconf 91' lang='lat' dir='ltr'>misti</span> <span class='ocrx_word' id='word_1_75' title='bbox 830 1334 935 1417; x_wconf 91' lang='lat' dir='ltr'>copiis</span> <span class='ocrx_word' id='word_1_76' title='bbox 959 1345 993 1398; x_wconf 93' lang='lat' dir='ltr'>et</span> <span class='ocrx_word' id='word_1_77' title='bbox 1015 1334 1150 1410; x_wconf 85' lang='lat' dir='ltr'>laetitia,</span> <span class='ocrx_word' id='word_1_78' title='bbox 1169 1355 1228 1399; x_wconf 91' lang='lat' dir='ltr'>sua</span> 
     </span>
     <span class='ocr_line' id='line_1_12' title="bbox 178 1436 1227 1521; baseline 0.002 -21"><span class='ocrx_word' id='word_1_79' title='bbox 178 1439 318 1521; x_wconf 91' lang='lat' dir='ltr'>quisque</span> <span class='ocrx_word' id='word_1_80' title='bbox 339 1436 428 1502; x_wconf 83' lang='lat' dir='ltr'>iacta</span> <span class='ocrx_word' id='word_1_81' title='bbox 450 1459 528 1502; x_wconf 90' lang='lat' dir='ltr'>suos</span> <span class='ocrx_word' id='word_1_82' title='bbox 544 1459 641 1502; x_wconf 92' lang='lat' dir='ltr'>casus</span> <span class='ocrx_word' id='word_1_83' title='bbox 657 1438 870 1515; x_wconf 90' lang='lat' dir='ltr'>attollerent;</span> <span class='ocrx_word' id='word_1_84' title='bbox 893 1459 932 1502; x_wconf 90' lang='lat' dir='ltr'>ac</span> <span class='ocrx_word' id='word_1_85' title='bbox 951 1439 1050 1502; x_wconf 91' lang='lat' dir='ltr'>modo</span> <span class='ocrx_word' id='word_1_86' title='bbox 1072 1438 1227 1502; x_wconf 90' lang='lat' dir='ltr'>silvarum</span> 
     </span>
     <span class='ocr_line' id='line_1_13' title="bbox 178 1539 1227 1624; baseline 0.002 -20"><span class='ocrx_word' id='word_1_87' title='bbox 178 1562 217 1605; x_wconf 91' lang='lat' dir='ltr'>ac</span> <span class='ocrx_word' id='word_1_88' title='bbox 233 1542 397 1605; x_wconf 92' lang='lat' dir='ltr'>montium</span> <span class='ocrx_word' id='word_1_89' title='bbox 420 1539 593 1624; x_wconf 84' lang='lat' dir='ltr'>profunda,</span> <span class='ocrx_word' id='word_1_90' title='bbox 619 1543 718 1605; x_wconf 90' lang='lat' dir='ltr'>modo</span> <span class='ocrx_word' id='word_1_91' title='bbox 742 1552 980 1624; x_wconf 89' lang='lat' dir='ltr'>tempestatum</span> <span class='ocrx_word' id='word_1_92' title='bbox 1004 1563 1043 1606; x_wconf 89' lang='lat' dir='ltr'>ac</span> <span class='ocrx_word' id='word_1_93' title='bbox 1066 1541 1227 1606; x_wconf 90' lang='lat' dir='ltr'>fluctuum</span> 
     </span>
     <span class='ocr_line' id='line_1_14' title="bbox 178 1644 1228 1723; baseline -0.001 -14"><span class='ocrx_word' id='word_1_94' title='bbox 178 1647 326 1722; x_wconf 90' lang='lat' dir='ltr'>adversa,</span> <span class='ocrx_word' id='word_1_95' title='bbox 344 1646 422 1709; x_wconf 93' lang='lat' dir='ltr'>hinc</span> <span class='ocrx_word' id='word_1_96' title='bbox 439 1655 527 1709; x_wconf 91' lang='lat' dir='ltr'>terra</span> <span class='ocrx_word' id='word_1_97' title='bbox 542 1655 576 1709; x_wconf 91' lang='lat' dir='ltr'>et</span> <span class='ocrx_word' id='word_1_98' title='bbox 597 1644 714 1723; x_wconf 90' lang='lat' dir='ltr'>hostis,</span> <span class='ocrx_word' id='word_1_99' title='bbox 732 1646 811 1710; x_wconf 94' lang='lat' dir='ltr'>hinc</span> <span class='ocrx_word' id='word_1_100' title='bbox 834 1646 943 1709; x_wconf 92' lang='lat' dir='ltr'>victus</span> <span class='ocrx_word' id='word_1_101' title='bbox 967 1646 1124 1709; x_wconf 90' lang='lat' dir='ltr'>Oceanus</span> <span class='ocrx_word' id='word_1_102' title='bbox 1147 1646 1228 1709; x_wconf 89' lang='lat' dir='ltr'>mili-</span> 
     </span>
     <span class='ocr_line' id='line_1_15' title="bbox 178 1749 1228 1831; baseline 0.001 -19"><span class='ocrx_word' id='word_1_103' title='bbox 178 1749 241 1812; x_wconf 91' lang='lat' dir='ltr'>tari</span> <span class='ocrx_word' id='word_1_104' title='bbox 257 1749 418 1831; x_wconf 89' lang='lat' dir='ltr'>jactantia</span> <span class='ocrx_word' id='word_1_105' title='bbox 429 1760 717 1831; x_wconf 79' lang='lat' dir='ltr'>compararentur.</span> <span class='ocrx_word' id='word_1_106' title='bbox 766 1749 946 1813; x_wconf 90' lang='lat' dir='ltr'>Britannos</span> <span class='ocrx_word' id='word_1_107' title='bbox 969 1769 1109 1831; x_wconf 92' lang='lat' dir='ltr'>quoque,</span> <span class='ocrx_word' id='word_1_108' title='bbox 1127 1759 1164 1813; x_wconf 92' lang='lat' dir='ltr'>ut</span> <span class='ocrx_word' id='word_1_109' title='bbox 1187 1771 1228 1813; x_wconf 92' lang='lat' dir='ltr'>ex</span> 
     </span>
     <span class='ocr_line' id='line_1_16' title="bbox 178 1850 1228 1935; baseline -0.001 -18"><span class='ocrx_word' id='word_1_110' title='bbox 178 1853 318 1934; x_wconf 91' lang='lat' dir='ltr'>captivis</span> <span class='ocrx_word' id='word_1_111' title='bbox 349 1854 553 1927; x_wconf 89' lang='lat' dir='ltr'>audiebatur,</span> <span class='ocrx_word' id='word_1_112' title='bbox 580 1853 651 1917; x_wconf 90' lang='lat' dir='ltr'>visa</span> <span class='ocrx_word' id='word_1_113' title='bbox 678 1852 795 1917; x_wconf 91' lang='lat' dir='ltr'>classis</span> <span class='ocrx_word' id='word_1_114' title='bbox 822 1850 1119 1935; x_wconf 84' lang='lat' dir='ltr'>obstupefaciebat,</span> <span class='ocrx_word' id='word_1_115' title='bbox 1148 1862 1228 1916; x_wconf 89' lang='lat' dir='ltr'>tam-</span> 
     </span>
     <span class='ocr_line' id='line_1_17' title="bbox 179 1954 1227 2039; baseline 0.001 -20"><span class='ocrx_word' id='word_1_116' title='bbox 179 1977 276 2039; x_wconf 89' lang='lat' dir='ltr'>quam</span> <span class='ocrx_word' id='word_1_117' title='bbox 301 1967 416 2038; x_wconf 92' lang='lat' dir='ltr'>aperto</span> <span class='ocrx_word' id='word_1_118' title='bbox 430 1957 529 2020; x_wconf 90' lang='lat' dir='ltr'>maris</span> <span class='ocrx_word' id='word_1_119' title='bbox 542 1956 593 2020; x_wconf 90' lang='lat' dir='ltr'>sui</span> <span class='ocrx_word' id='word_1_120' title='bbox 606 1967 737 2020; x_wconf 91' lang='lat' dir='ltr'>secreto</span> <span class='ocrx_word' id='word_1_121' title='bbox 762 1956 914 2019; x_wconf 90' lang='lat' dir='ltr'>ultimum</span> <span class='ocrx_word' id='word_1_122' title='bbox 927 1957 1025 2020; x_wconf 91' lang='lat' dir='ltr'>victis</span> <span class='ocrx_word' id='word_1_123' title='bbox 1038 1954 1227 2038; x_wconf 81' lang='lat' dir='ltr'>perfugium</span> 
     </span>
     <span class='ocr_line' id='line_1_18' title="bbox 179 2059 1226 2124; baseline 0 -1"><span class='ocrx_word' id='word_1_124' title='bbox 179 2060 395 2124; x_wconf 86' lang='lat' dir='ltr'>clauderetur.</span> <span class='ocrx_word' id='word_1_125' title='bbox 442 2059 499 2123; x_wconf 94' lang='lat' dir='ltr'>Ad</span> <span class='ocrx_word' id='word_1_126' title='bbox 522 2081 639 2123; x_wconf 91' lang='lat' dir='ltr'>manus</span> <span class='ocrx_word' id='word_1_127' title='bbox 663 2070 698 2123; x_wconf 90' lang='lat' dir='ltr'>et</span> <span class='ocrx_word' id='word_1_128' title='bbox 721 2080 812 2123; x_wconf 90' lang='lat' dir='ltr'>arma</span> <span class='ocrx_word' id='word_1_129' title='bbox 835 2061 988 2124; x_wconf 90' lang='lat' dir='ltr'>conversi</span> <span class='ocrx_word' id='word_1_130' title='bbox 1012 2060 1226 2123; x_wconf 89' lang='lat' dir='ltr'>Caledoniam</span> 
     </span>
     <span class='ocr_line' id='line_1_19' title="bbox 179 2161 1227 2246; baseline 0.001 -20"><span class='ocrx_word' id='word_1_131' title='bbox 179 2163 365 2227; x_wconf 91' lang='lat' dir='ltr'>incolentes</span> <span class='ocrx_word' id='word_1_132' title='bbox 381 2164 504 2246; x_wconf 91' lang='lat' dir='ltr'>populi,</span> <span class='ocrx_word' id='word_1_133' title='bbox 522 2173 639 2246; x_wconf 85' lang='lat' dir='ltr'>paratu</span> <span class='ocrx_word' id='word_1_134' title='bbox 663 2184 794 2245; x_wconf 89' lang='lat' dir='ltr'>magn0,</span> <span class='ocrx_word' id='word_1_135' title='bbox 819 2164 945 2246; x_wconf 85' lang='lat' dir='ltr'>majore</span> <span class='ocrx_word' id='word_1_136' title='bbox 968 2161 1065 2238; x_wconf 85' lang='lat' dir='ltr'>fama,</span> <span class='ocrx_word' id='word_1_137' title='bbox 1083 2164 1131 2226; x_wconf 89' lang='lat' dir='ltr'>uti</span> <span class='ocrx_word' id='word_1_138' title='bbox 1155 2184 1227 2227; x_wconf 90' lang='lat' dir='ltr'>mos</span> 
     </span>
     <span class='ocr_line' id='line_1_20' title="bbox 178 2267 1227 2350; baseline 0 -20"><span class='ocrx_word' id='word_1_139' title='bbox 178 2277 231 2331; x_wconf 91' lang='lat' dir='ltr'>est</span> <span class='ocrx_word' id='word_1_140' title='bbox 254 2269 296 2331; x_wconf 90' lang='lat' dir='ltr'>de</span> <span class='ocrx_word' id='word_1_141' title='bbox 319 2267 452 2350; x_wconf 90' lang='lat' dir='ltr'>ignotis,</span> <span class='ocrx_word' id='word_1_142' title='bbox 470 2287 664 2349; x_wconf 87' lang='lat' dir='ltr'>oppugnare</span> <span class='ocrx_word' id='word_1_143' title='bbox 690 2268 777 2331; x_wconf 88' lang='lat' dir='ltr'>ultro</span> <span class='ocrx_word' id='word_1_144' title='bbox 801 2267 938 2331; x_wconf 91' lang='lat' dir='ltr'>castella</span> <span class='ocrx_word' id='word_1_145' title='bbox 960 2267 1076 2342; x_wconf 90' lang='lat' dir='ltr'>adorti,</span> <span class='ocrx_word' id='word_1_146' title='bbox 1101 2277 1227 2330; x_wconf 91' lang='lat' dir='ltr'>metum</span> 
     </span>
     <span class='ocr_line' id='line_1_21' title="bbox 179 2370 1228 2453; baseline 0.001 -20"><span class='ocrx_word' id='word_1_147' title='bbox 179 2381 215 2434; x_wconf 89' lang='lat' dir='ltr'>ut</span> <span class='ocrx_word' id='word_1_148' title='bbox 257 2382 477 2452; x_wconf 89' lang='lat' dir='ltr'>provocantes</span> <span class='ocrx_word' id='word_1_149' title='bbox 515 2372 738 2448; x_wconf 89' lang='lat' dir='ltr'>addiderant;</span> <span class='ocrx_word' id='word_1_150' title='bbox 776 2371 1098 2453; x_wconf 87' lang='lat' dir='ltr'>regrediendumque</span> <span class='ocrx_word' id='word_1_151' title='bbox 1144 2370 1228 2434; x_wconf 89' lang='lat' dir='ltr'>citra</span> 
     </span>
     <span class='ocr_line' id='line_1_22' title="bbox 180 2474 1226 2556; baseline -0.001 -19"><span class='ocrx_word' id='word_1_152' title='bbox 180 2475 380 2549; x_wconf 89' lang='lat' dir='ltr'>Bodotriam,</span> <span class='ocrx_word' id='word_1_153' title='bbox 413 2485 447 2538; x_wconf 91' lang='lat' dir='ltr'>et</span> <span class='ocrx_word' id='word_1_154' title='bbox 478 2476 707 2538; x_wconf 89' lang='lat' dir='ltr'>excedendum</span> <span class='ocrx_word' id='word_1_155' title='bbox 737 2474 848 2556; x_wconf 90' lang='lat' dir='ltr'>potius</span> <span class='ocrx_word' id='word_1_156' title='bbox 884 2493 981 2556; x_wconf 89' lang='lat' dir='ltr'>quam</span> <span class='ocrx_word' id='word_1_157' title='bbox 1013 2474 1226 2554; x_wconf 88' lang='lat' dir='ltr'>pellerentur,</span> 
     </span>
     <span class='ocr_line' id='line_1_23' title="bbox 179 2576 1227 2660; baseline -0.001 -19"><span class='ocrx_word' id='word_1_158' title='bbox 179 2578 290 2660; x_wconf 89' lang='lat' dir='ltr'>ignavi</span> <span class='ocrx_word' id='word_1_159' title='bbox 321 2579 433 2660; x_wconf 90' lang='lat' dir='ltr'>specie</span> <span class='ocrx_word' id='word_1_160' title='bbox 466 2579 681 2660; x_wconf 91' lang='lat' dir='ltr'>prudentium</span> <span class='ocrx_word' id='word_1_161' title='bbox 715 2578 950 2652; x_wconf 91' lang='lat' dir='ltr'>admonebant,</span> <span class='ocrx_word' id='word_1_162' title='bbox 984 2597 1059 2641; x_wconf 90' lang='lat' dir='ltr'>cum</span> <span class='ocrx_word' id='word_1_163' title='bbox 1093 2576 1227 2640; x_wconf 90' lang='lat' dir='ltr'>interim</span> 
     </span>
     <span class='ocr_line' id='line_1_24' title="bbox 179 2681 1216 2764; baseline -0.002 -18"><span class='ocrx_word' id='word_1_164' title='bbox 179 2683 353 2764; x_wconf 83' lang='lat' dir='ltr'>cognoscit</span> <span class='ocrx_word' id='word_1_165' title='bbox 378 2683 493 2746; x_wconf 91' lang='lat' dir='ltr'>hostes</span> <span class='ocrx_word' id='word_1_166' title='bbox 521 2683 671 2764; x_wconf 91' lang='lat' dir='ltr'>pluribus</span> <span class='ocrx_word' id='word_1_167' title='bbox 702 2682 890 2764; x_wconf 88' lang='lat' dir='ltr'>agminibus</span> <span class='ocrx_word' id='word_1_168' title='bbox 921 2681 1114 2763; x_wconf 90' lang='lat' dir='ltr'>irrupturos.</span> <span class='ocrx_word' id='word_1_169' title='bbox 1161 2681 1216 2745; x_wconf 90' lang='lat' dir='ltr'>Ac</span> 
     </span>
     <span class='ocr_line' id='line_1_25' title="bbox 179 2784 1225 2868; baseline 0 -20"><span class='ocrx_word' id='word_1_170' title='bbox 179 2806 222 2849; x_wconf 91' lang='lat' dir='ltr'>ne</span> <span class='ocrx_word' id='word_1_171' title='bbox 245 2797 425 2868; x_wconf 90' lang='lat' dir='ltr'>superante</span> <span class='ocrx_word' id='word_1_172' title='bbox 448 2806 586 2849; x_wconf 88' lang='lat' dir='ltr'>numero</span> <span class='ocrx_word' id='word_1_173' title='bbox 610 2796 644 2849; x_wconf 90' lang='lat' dir='ltr'>et</span> <span class='ocrx_word' id='word_1_174' title='bbox 667 2786 787 2867; x_wconf 89' lang='lat' dir='ltr'>peritia</span> <span class='ocrx_word' id='word_1_175' title='bbox 809 2785 957 2849; x_wconf 91' lang='lat' dir='ltr'>locorum</span> <span class='ocrx_word' id='word_1_176' title='bbox 988 2784 1225 2861; x_wconf 90' lang='lat' dir='ltr'>circumiretur,</span> 
     </span>
     <span class='ocr_line' id='line_1_26' title="bbox 178 2888 1015 2971; baseline 0 -18"><span class='ocrx_word' id='word_1_177' title='bbox 178 2890 284 2953; x_wconf 89' lang='lat' dir='ltr'>diviso</span> <span class='ocrx_word' id='word_1_178' title='bbox 301 2899 335 2953; x_wconf 89' lang='lat' dir='ltr'>et</span> <span class='ocrx_word' id='word_1_179' title='bbox 351 2890 422 2971; x_wconf 91' lang='lat' dir='ltr'>ipse</span> <span class='ocrx_word' id='word_1_180' title='bbox 439 2890 473 2952; x_wconf 93' lang='lat' dir='ltr'>in</span> <span class='ocrx_word' id='word_1_181' title='bbox 490 2899 559 2953; x_wconf 92' lang='lat' dir='ltr'>tres</span> <span class='ocrx_word' id='word_1_182' title='bbox 575 2899 687 2971; x_wconf 89' lang='lat' dir='ltr'>partes</span> <span class='ocrx_word' id='word_1_183' title='bbox 704 2889 853 2953; x_wconf 90' lang='lat' dir='ltr'>exercitu</span> <span class='ocrx_word' id='word_1_184' title='bbox 869 2888 1015 2953; x_wconf 89' lang='lat' dir='ltr'>incessit.</span> 
     </span>
    </p>

    <p class='ocr_par' dir='ltr' id='par_1_4' title="bbox 176 2992 1285 4008">
     <span class='ocr_line' id='line_1_27' title="bbox 222 2992 1228 3076; baseline 0.001 -21"><span class='ocrx_word' id='word_1_185' title='bbox 222 3011 316 3058; x_wconf 74' lang='lat' dir='ltr'>xxvi.</span> <span class='ocrx_word' id='word_1_186' title='bbox 351 2994 451 3076; x_wconf 87' lang='lat' dir='ltr'>Quod</span> <span class='ocrx_word' id='word_1_187' title='bbox 489 2993 545 3056; x_wconf 89' lang='lat' dir='ltr'>ubi</span> <span class='ocrx_word' id='word_1_188' title='bbox 581 2993 754 3076; x_wconf 87' lang='lat' dir='ltr'>cognitum</span> <span class='ocrx_word' id='word_1_189' title='bbox 792 2992 890 3069; x_wconf 91' lang='lat' dir='ltr'>hosti,</span> <span class='ocrx_word' id='word_1_190' title='bbox 924 3002 1051 3056; x_wconf 89' lang='lat' dir='ltr'>mutato</span> <span class='ocrx_word' id='word_1_191' title='bbox 1089 3002 1228 3074; x_wconf 92' lang='lat' dir='ltr'>repente</span> 
     </span>
     <span class='ocr_line' id='line_1_28' title="bbox 179 3095 1227 3179; baseline -0.001 -18"><span class='ocrx_word' id='word_1_192' title='bbox 179 3097 326 3173; x_wconf 90' lang='lat' dir='ltr'>consilio,</span> <span class='ocrx_word' id='word_1_193' title='bbox 346 3097 490 3161; x_wconf 90' lang='lat' dir='ltr'>universi</span> <span class='ocrx_word' id='word_1_194' title='bbox 508 3117 630 3160; x_wconf 92' lang='lat' dir='ltr'>nonam</span> <span class='ocrx_word' id='word_1_195' title='bbox 653 3097 821 3179; x_wconf 89' lang='lat' dir='ltr'>legionem</span> <span class='ocrx_word' id='word_1_196' title='bbox 838 3106 875 3159; x_wconf 90' lang='lat' dir='ltr'>ut</span> <span class='ocrx_word' id='word_1_197' title='bbox 891 3096 1033 3159; x_wconf 85' lang='lat' dir='ltr'>maxime</span> <span class='ocrx_word' id='word_1_198' title='bbox 1049 3095 1227 3160; x_wconf 92' lang='lat' dir='ltr'>invalidam</span> 
     </span>
     <span class='ocr_line' id='line_1_29' title="bbox 179 3200 1228 3283; baseline 0.001 -19"><span class='ocrx_word' id='word_1_199' title='bbox 179 3211 279 3265; x_wconf 91' lang='lat' dir='ltr'>nocte</span> <span class='ocrx_word' id='word_1_200' title='bbox 302 3202 461 3283; x_wconf 87' lang='lat' dir='ltr'>aggressi,</span> <span class='ocrx_word' id='word_1_201' title='bbox 487 3201 576 3264; x_wconf 92' lang='lat' dir='ltr'>inter</span> <span class='ocrx_word' id='word_1_202' title='bbox 598 3222 752 3264; x_wconf 91' lang='lat' dir='ltr'>somnum</span> <span class='ocrx_word' id='word_1_203' title='bbox 777 3221 815 3264; x_wconf 90' lang='lat' dir='ltr'>ac</span> <span class='ocrx_word' id='word_1_204' title='bbox 839 3200 1096 3281; x_wconf 90' lang='lat' dir='ltr'>trepidationem</span> <span class='ocrx_word' id='word_1_205' title='bbox 1121 3201 1228 3265; x_wconf 88' lang='lat' dir='ltr'>caesis</span> 
     </span>
     <span class='ocr_line' id='line_1_30' title="bbox 178 3303 1226 3387; baseline -0.002 -19"><span class='ocrx_word' id='word_1_206' title='bbox 178 3304 333 3386; x_wconf 89' lang='lat' dir='ltr'>vigilibus</span> <span class='ocrx_word' id='word_1_207' title='bbox 361 3305 516 3386; x_wconf 88' lang='lat' dir='ltr'>irrupere.</span> <span class='ocrx_word' id='word_1_208' title='bbox 563 3305 704 3387; x_wconf 89' lang='lat' dir='ltr'>Jamque</span> <span class='ocrx_word' id='word_1_209' title='bbox 721 3305 755 3367; x_wconf 91' lang='lat' dir='ltr'>in</span> <span class='ocrx_word' id='word_1_210' title='bbox 772 3304 853 3386; x_wconf 89' lang='lat' dir='ltr'>ipsis</span> <span class='ocrx_word' id='word_1_211' title='bbox 864 3304 991 3368; x_wconf 69' lang='lat' dir='ltr'>eastris</span> <span class='ocrx_word' id='word_1_212' title='bbox 1007 3303 1226 3385; x_wconf 89' lang='lat' dir='ltr'>pugnabatur,</span> 
     </span>
     <span class='ocr_line' id='line_1_31' title="bbox 179 3407 1229 3491; baseline -0.001 -18"><span class='ocrx_word' id='word_1_213' title='bbox 179 3429 254 3473; x_wconf 92' lang='lat' dir='ltr'>cum</span> <span class='ocrx_word' id='word_1_214' title='bbox 271 3408 441 3491; x_wconf 87' lang='lat' dir='ltr'>Agricola,</span> <span class='ocrx_word' id='word_1_215' title='bbox 460 3410 523 3472; x_wconf 91' lang='lat' dir='ltr'>iter</span> <span class='ocrx_word' id='word_1_216' title='bbox 539 3409 686 3471; x_wconf 88' lang='lat' dir='ltr'>hostium</span> <span class='ocrx_word' id='word_1_217' title='bbox 703 3409 744 3472; x_wconf 94' lang='lat' dir='ltr'>ab</span> <span class='ocrx_word' id='word_1_218' title='bbox 758 3407 1022 3490; x_wconf 88' lang='lat' dir='ltr'>exploratoribus</span> <span class='ocrx_word' id='word_1_219' title='bbox 1039 3408 1178 3471; x_wconf 88' lang='lat' dir='ltr'>edoctus</span> <span class='ocrx_word' id='word_1_220' title='bbox 1194 3419 1229 3472; x_wconf 91' lang='lat' dir='ltr'>et</span> 
     </span>
     <span class='ocr_line' id='line_1_32' title="bbox 178 3512 1229 3595; baseline 0.002 -21"><span class='ocrx_word' id='word_1_221' title='bbox 178 3512 329 3594; x_wconf 90' lang='lat' dir='ltr'>vestigiis</span> <span class='ocrx_word' id='word_1_222' title='bbox 358 3513 539 3586; x_wconf 71' lang='lat' dir='ltr'>insecutus</span> <span class='ocrx_word' id='word_1_223' title='bbox 572 3512 802 3576; x_wconf 91' lang='lat' dir='ltr'>velocissimos</span> <span class='ocrx_word' id='word_1_224' title='bbox 834 3512 981 3594; x_wconf 91' lang='lat' dir='ltr'>equitum</span> <span class='ocrx_word' id='word_1_225' title='bbox 1013 3512 1229 3595; x_wconf 90' lang='lat' dir='ltr'>peditumque</span> 
     </span>
     <span class='ocr_line' id='line_1_33' title="bbox 179 3614 1229 3706; baseline 0.001 -28"><span class='ocrx_word' id='word_1_226' title='bbox 179 3616 342 3679; x_wconf 89' lang='lat' dir='ltr'>assultare</span> <span class='ocrx_word' id='word_1_227' title='bbox 372 3617 476 3698; x_wconf 89' lang='lat' dir='ltr'>tergis</span> <span class='ocrx_word' id='word_1_228' title='bbox 504 3615 725 3698; x_wconf 87' lang='lat' dir='ltr'>pugnantium</span> <span class='ocrx_word' id='word_1_229' title='bbox 755 3614 860 3697; x_wconf 90' lang='lat' dir='ltr'>jubet,</span> <span class='ocrx_word' id='word_1_230' title='bbox 886 3635 963 3678; x_wconf 92' lang='lat' dir='ltr'>mox</span> <span class='ocrx_word' id='word_1_231' title='bbox 992 3615 1034 3706; x_wconf 84' lang='lat' dir='ltr'>ab</span> <span class='ocrx_word' id='word_1_232' title='bbox 1065 3615 1229 3679; x_wconf 91' lang='lat' dir='ltr'>universis</span> 
     </span>
     <span class='ocr_line' id='line_1_34' title="bbox 177 3713 1230 3800; baseline -0.008 -11"><span class='ocrx_word' id='word_1_233' title='bbox 177 3724 263 3789; x_wconf 91' lang='lat' dir='ltr'>adici</span> <span class='ocrx_word' id='word_1_234' title='bbox 287 3721 487 3796; x_wconf 83' lang='lat' dir='ltr'>clamorem3</span> <span class='ocrx_word' id='word_1_235' title='bbox 511 3728 545 3783; x_wconf 91' lang='lat' dir='ltr'>et</span> <span class='ocrx_word' id='word_1_236' title='bbox 569 3717 756 3800; x_wconf 91' lang='lat' dir='ltr'>propinqua</span> <span class='ocrx_word' id='word_1_237' title='bbox 778 3716 853 3781; x_wconf 90' lang='lat' dir='ltr'>luce</span> <span class='ocrx_word' id='word_1_238' title='bbox 875 3713 999 3780; x_wconf 81' lang='lat' dir='ltr'>fulsere</span> <span class='ocrx_word' id='word_1_239' title='bbox 1023 3716 1126 3800; x_wconf 84' lang='lat' dir='ltr'>signa.</span> <span class='ocrx_word' id='word_1_240' title='bbox 1176 3717 1230 3782; x_wconf 91' lang='lat' dir='ltr'>Ita</span> 
     </span>
     <span class='ocr_line' id='line_1_35' title="bbox 176 3819 1230 3909; baseline -0.009 -18"><span class='ocrx_word' id='word_1_241' title='bbox 176 3827 313 3909; x_wconf 88' lang='lat' dir='ltr'>ancipiti</span> <span class='ocrx_word' id='word_1_242' title='bbox 339 3824 426 3887; x_wconf 92' lang='lat' dir='ltr'>malo</span> <span class='ocrx_word' id='word_1_243' title='bbox 451 3821 560 3886; x_wconf 91' lang='lat' dir='ltr'>territi</span> <span class='ocrx_word' id='word_1_244' title='bbox 584 3819 758 3896; x_wconf 82' lang='lat' dir='ltr'>Britanni3</span> <span class='ocrx_word' id='word_1_245' title='bbox 789 3829 822 3882; x_wconf 90' lang='lat' dir='ltr'>et</span> <span class='ocrx_word' id='word_1_246' title='bbox 848 3819 1009 3882; x_wconf 89' lang='lat' dir='ltr'>Romanis</span> <span class='ocrx_word' id='word_1_247' title='bbox 1040 3819 1138 3882; x_wconf 89' lang='lat' dir='ltr'>rediit</span> <span class='ocrx_word' id='word_1_248' title='bbox 1161 3821 1230 3882; x_wconf 91' lang='lat' dir='ltr'>ani-</span> 
     </span>
     <span class='ocr_line' id='line_1_36' title="bbox 176 3919 1285 4008; baseline -0.013 -14"><span class='ocrx_word' id='word_1_249' title='bbox 176 3951 262 4006; x_wconf 92' lang='lat' dir='ltr'>mus,</span> <span class='ocrx_word' id='word_1_250' title='bbox 275 3949 313 3993; x_wconf 95' lang='lat' dir='ltr'>ac</span> <span class='ocrx_word' id='word_1_251' title='bbox 327 3924 436 3991; x_wconf 89' lang='lat' dir='ltr'>securi</span> <span class='ocrx_word' id='word_1_252' title='bbox 452 3944 511 4008; x_wconf 92' lang='lat' dir='ltr'>pro</span> <span class='ocrx_word' id='word_1_253' title='bbox 528 3923 635 3986; x_wconf 90' lang='lat' dir='ltr'>salute</span> <span class='ocrx_word' id='word_1_254' title='bbox 648 3921 690 3984; x_wconf 94' lang='lat' dir='ltr'>de</span> <span class='ocrx_word' id='word_1_255' title='bbox 702 3920 807 4002; x_wconf 91' lang='lat' dir='ltr'>gloria</span> <span class='ocrx_word' id='word_1_256' title='bbox 819 3920 1001 3983; x_wconf 90' lang='lat' dir='ltr'>certabant.</span> <span class='ocrx_word' id='word_1_257' title='bbox 1036 3919 1134 3982; x_wconf 92' lang='lat' dir='ltr'>Ultro</span> <span class='ocrx_word' id='word_1_258' title='bbox 1147 3921 1227 4000; x_wconf 91' lang='lat' dir='ltr'>quin</span> <span class='ocrx_word' id='word_1_259' title='bbox 1259 3941 1285 3980; x_wconf 78' lang='lat'>³⁵</span> 
     </span>
    </p>
   </div>
   <div class='ocr_carea' id='block_1_3' title="bbox 0 0 1394 4320">
    <p class='ocr_par' dir='ltr' id='par_1_5' title="bbox 0 0 1394 4320">
     <span class='ocr_line' id='line_1_37' title="bbox 0 0 1394 4320; baseline 0 0"><span class='ocrx_word' id='word_1_260' title='bbox 0 0 1394 4320; x_wconf 95' lang='lat' dir='ltr'> </span> 
     </span>
    </p>
   </div>
  </div>
 </body>
</html>
