2780 4320
475 221 640 286 Govemor
658 222 699 305 os
712 221 906 306 Aquitania.
1197 239 1214 308 ς

167 411 326 476 decessor
361 411 520 476 seditiose
555 432 655 494 agere
690 413 904 490 narrabatur;
938 413 1062 497 quippe
1095 414 1215 498 legatis

167 536 299 598 quoque
316 517 545 580 consularibus
562 517 664 579 nimia
675 537 713 579 ac
729 513 945 580 formidolosa
957 527 1036 594 erat,
1052 538 1114 582 nec
1130 519 1217 601 lega-

167 628 222 682 tus
239 620 423 700 praetorius
445 621 487 683 ad
510 620 734 683 cohibendum
758 630 888 701 potens,
907 621 1071 685 incertum
1088 642 1149 685 suo
1172 643 1215 686 an

167 722 309 785 militum
326 724 471 805 ingenio.
520 725 573 787 Ita
588 743 763 787 successor
786 724 883 787 simul
908 734 942 788 et
965 725 1054 788 ultor
1076 726 1213 804 electus

167 826 336 890 rarissima
365 828 594 891 moderatione
624 827 740 891 maluit
770 827 875 890 videri
906 827 1076 893 invenisse
1108 830 1215 894 bonos
1262 861 1274 898 s

166 950 265 1011 quam
280 927 411 995 iecisse.

211 1051 284 1098 vrrr.
319 1034 473 1098 Praeerat
489 1043 570 1098 tunc
587 1034 780 1098 Britanniae
795 1035 932 1099 Vettius
950 1035 1096 1099 Bolanus
1118 1036 1216 1117 placi-

166 1135 241 1198 dius
264 1157 362 1218 quam
389 1135 493 1201 feroci
520 1138 692 1219 provincia
716 1138 854 1220 dignum
880 1149 940 1204 est.
999 1141 1215 1222 Temperavit

166 1239 328 1322 Agricola
343 1241 410 1304 vim
434 1262 528 1304 suam
551 1243 769 1324 ardoremque
793 1244 1008 1324 compescuit,
1027 1264 1070 1308 ne
1094 1246 1215 1310 incres-

166 1353 267 1418 ceret,
292 1345 419 1425 peritus
443 1345 581 1428 obsequi
605 1345 821 1428 eruditusque
845 1347 940 1409 utilia
962 1348 1114 1412 honestis
1140 1350 1216 1414 mis·
1248 1383 1275 1413 ιι

166 1466 250 1512 cere.
306 1449 405 1511 Brevi
442 1449 564 1512 deinde
600 1448 775 1512 Britannia
810 1450 1019 1514 consularem
1059 1453 1213 1518 Petilium

166 1551 331 1615 Cerialem
355 1553 493 1634 accepit.
542 1553 744 1617 Habuerunt
767 1553 909 1619 virtutes
935 1556 1079 1637 spatium
1107 1578 1215 1622 exem-

90 1713 93 1720 .
165 1655 304 1737 plorum.
353 1657 420 1721 Sed
436 1657 543 1739 primo
557 1657 696 1752 Cerialis
708 1658 838 1722 labores
851 1660 950 1722 modo
964 1670 998 1724 et
1010 1661 1211 1740 discrimina,

165 1781 241 1823 mox
258 1770 291 1824 et
307 1761 446 1843 gloriam
462 1762 749 1840 communicabat3
773 1785 874 1846 saepe
889 1766 1158 1847 partiexercitus
1179 1768 1212 1831 in

165 1865 440 1946 experimentum,
465 1866 641 1950 aliquando
668 1867 850 1950 majoribus
881 1869 986 1951 copiis
1017 1889 1058 1933 ex
1089 1881 1213 1936 eventu
1247 1903 1271 1945 ε,

164 1967 332 2050 praefecit.
381 1971 455 2035 Nec
471 1971 632 2054 Agricola
643 1993 799 2056 umquam
815 1973 850 2035 in
863 1993 956 2036 suam
969 1971 1091 2037 lamam
1107 1976 1211 2056 gestis

164 2074 361 2152 exsultavit3
382 2076 423 2138 ad
436 2085 605 2140 auctorem
622 2086 656 2140 et
669 2077 788 2141 ducem
816 2087 852 2141 ut
867 2077 1021 2142 minister
1043 2075 1212 2142 fortunam

164 2175 338 2243 referebat.
387 2179 440 2243 Ita
465 2180 590 2244 virtute
620 2180 655 2243 in
686 2182 911 2264 obsequendo,
944 2183 1147 2247 verecundia
1177 2183 1211 2247 in

162 2283 393 2362 praedicando,
423 2293 517 2347 extra
543 2284 700 2348 invidiam
727 2305 790 2349 nec
818 2295 911 2349 extra
937 2285 1076 2368 gloriam
1104 2297 1183 2352 erat.

207 2404 251 2450 rx.
286 2387 528 2451 Revertentem
548 2388 589 2451 ab
609 2388 778 2470 legatione
801 2387 943 2471 legionis
966 2391 1063 2454 divus
1085 2391 1212 2472 Vespa·
1246 2419 1271 2449 ω

162 2488 276 2553 sianus
309 2491 398 2554 inter
430 2491 586 2572 patricios
622 2492 749 2568 ascivit,
786 2512 825 2556 ac
862 2493 984 2558 deinde
1019 2494 1210 2575 provinciae

162 2593 367 2676 Aquitaniae
393 2595 594 2677 praeposuit,
625 2595 819 2678 splendidae
846 2595 1008 2678 imprimis
1035 2597 1210 2680 dignitatis

161 2698 449 2762 administratione
466 2719 504 2763 ac
520 2719 580 2781 spe
596 2699 799 2774 consulatus,
818 2701 871 2764 cui
892 2702 1084 2766 destinarat.
1133 2703 1211 2767 Cre-

161 2801 245 2864 dunt
268 2801 418 2884 plerique
440 2802 638 2866 militaribus
662 2804 806 2887 ingeniis
831 2805 1051 2870 subtilitatem
1078 2807 1206 2884 deesse,

161 2903 239 2986 quia
261 2906 441 2969 castrensis
464 2906 650 2988 jurisdictio
675 2927 792 2971 secura
814 2917 849 2971 et
872 2909 1023 2972 obtusior
1048 2929 1087 2973 ac
1114 2910 1210 2990 plura
1243 2933 1268 2973 ιε

160 3027 261 3071 manu
285 3029 390 3090 agens
417 3010 631 3073 calliditatem
658 3008 721 3074 fori
745 3031 813 3074 non
837 3022 998 3076 exerceat.
1046 3013 1209 3095 Agricola

160 3112 303 3174 naturali
318 3112 503 3193 prudentia,
518 3114 668 3195 quamvis
681 3114 769 3178 inter
780 3124 923 3197 togatos,
937 3113 1035 3180 facile
1051 3115 1208 3199 justeque

158 3215 288 3296 agebat.
335 3215 410 3296 Jam
436 3237 515 3280 vero
540 3227 692 3298 tempora
722 3239 874 3282 curarum
906 3219 1207 3303 remissionumque

158 3319 283 3396 divisa;
307 3320 363 3383 ubi
376 3330 561 3384 conventus
575 3341 613 3384 ac
628 3321 752 3404 judicia
763 3333 950 3403 poscerent,
966 3323 1084 3405 gravis,
1100 3323 1208 3388 inten-

158 3431 222 3497 tus,
252 3443 397 3498 severus,
427 3433 461 3487 et
488 3425 620 3506 saepius
648 3425 856 3502 misericors;
887 3426 943 3490 ubi
970 3426 1080 3491 officio
1113 3429 1205 3492 satis·
1241 3453 1267 3492 ao

158 3523 293 3602 iactum,
322 3528 413 3590 nulla
439 3528 526 3591 ultra
551 3529 729 3610 potestatis
754 3549 905 3610 persona.
959 3531 1146 3595 Tristitiam
1172 3544 1206 3597 et

157 3630 380 3711 arrogantiam
407 3641 441 3695 et
468 3632 638 3695 avaritiam
669 3643 824 3710 exuerat3
856 3654 918 3697 nec
949 3634 1005 3711 illi,
1034 3637 1123 3718 quod
1154 3646 1206 3700 est

158 3733 370 3809 rarissimum,
408 3744 465 3797 aut
499 3732 642 3799 facilitas
680 3737 914 3800 auctoritatem
947 3748 1005 3801 aut
1043 3740 1205 3802 severitas

157 3855 304 3899 amorem
320 3837 491 3902 deminuit.
540 3838 774 3922 integritatem
791 3851 891 3923 atque
907 3840 1146 3905 abstinentiam
1170 3841 1204 3906 in

157 3948 253 4002 tanto
268 3939 339 4003 viro
362 3938 486 4006 referre
520 3940 642 4025 injuria
663 3941 824 4006 virtutum
847 3939 956 4006 fuerit.
1005 3943 1060 4006 Ne
1081 3941 1204 4006 famam
1239 3964 1264 4006 as
