2780 4320
505 174 632 236 Return
656 185 686 236 to
699 175 819 267 Rome.
1146 183 1186 251 25

134 365 297 438 tempora,
315 378 400 439 quae
424 357 514 420 sileri
531 355 724 439 Agricolam
750 377 817 420 non
838 357 1008 422 sinerent:
1031 365 1081 418 tot
1099 374 1189 418 exer-

135 461 223 522 citus
252 461 285 522 in
319 461 447 524 Moesia
475 461 645 542 Daciaque
673 471 707 524 et
736 460 916 523 Germania
943 469 977 523 et
1007 459 1185 535 Pannonia,

135 564 328 626 temeritate
359 574 416 626 aut
447 585 507 645 per
534 564 699 645 ignaviam
724 565 845 627 ducum
869 562 1004 639 amissi,
1031 571 1081 624 tot
1106 561 1188 624 mili·

135 676 226 729 tares
245 667 307 728 viri
331 688 407 730 cum
430 676 481 730 tot
506 667 699 730 cohortibus
723 665 905 748 expugnati
929 675 962 729 et
988 666 1097 746 capti;
1123 685 1186 729 nec

134 769 203 851 jam
220 771 262 832 de
278 771 384 834 limite
401 770 531 852 imperii
547 780 581 834 et
599 770 679 851 ripa,
697 771 756 834 sed
778 771 819 833 de
843 769 992 832 hibernis
1016 769 1185 850 legionum
1233 791 1246 832 s

136 883 170 935 et
193 873 406 954 possessione
426 874 625 938 dubitatum.
667 874 720 938 Ita
736 894 811 937 cum
828 874 950 936 damna
965 873 1095 935 damnis
1112 893 1187 936 con-

135 976 349 1038 tinuarentur
375 985 475 1059 atque
502 977 611 1040 omnis
638 997 746 1040 annus
773 973 947 1039 funeribus
974 986 1008 1039 et
1036 975 1186 1039 cladibus

136 1079 363 1160 insigniretur,
389 1081 591 1160 poscebatur
614 1100 672 1143 ore
697 1079 789 1161 uulgi
814 1080 880 1142 dux
905 1077 1075 1161 Agricola,
1101 1098 1187 1142 corn-
1285 1105 1292 1122 ·

135 1183 331 1263 parantibus
349 1183 480 1246 cunctis
495 1183 645 1265 vigorem
665 1192 699 1245 et
719 1182 943 1246 constantiam
960 1192 994 1246 et
1011 1191 1186 1264 expertum

135 1285 234 1349 bellis
272 1286 418 1348 animum
450 1307 525 1350 curn
557 1285 678 1349 inertia
709 1295 743 1348 et
773 1283 951 1348 formidine
988 1295 1183 1349 ceterorum.
1221 1311 1247 1340 10

138 1389 270 1470 Quibus
308 1389 517 1452 sermonibus
556 1389 638 1452 satis
670 1397 803 1452 constat
835 1387 1020 1451 Domitiani
1054 1408 1186 1470 quoque

136 1511 233 1554 aures
271 1493 474 1568 verberatas
510 1494 589 1555 dum
627 1492 774 1574 optimus
812 1492 953 1574 quisque
990 1491 1185 1554 libertorum

136 1615 249 1658 amore
276 1604 310 1658 et
337 1596 412 1672 fide,
440 1595 577 1677 pessimi
608 1595 817 1678 malignitate
848 1604 883 1658 et
914 1595 1017 1657 livore
1044 1614 1184 1676 pronum

135 1698 358 1761 deterioribus
389 1698 573 1781 principem
605 1698 873 1763 exstimulabant.
937 1697 993 1762 Sic
1024 1697 1187 1779 Agricola

136 1801 235 1864 simul
257 1801 326 1864 suis
347 1801 538 1879 virtutibus,
556 1801 655 1864 simul
671 1801 763 1866 vitiis
784 1802 922 1865 aliorum
939 1801 973 1864 in
990 1801 1095 1884 ipsam
1119 1799 1187 1882 glo-
1221 1826 1245 1868 ιε

136 1904 218 1967 riam
235 1924 394 1987 praeceps
410 1905 580 1986 agebatur.

179 2025 263 2071 xLu.
295 2007 425 2071 Aderat
452 2007 519 2090 jam
547 2029 665 2086 annus,
691 2028 756 2090 quo
784 2007 1055 2091 proconsulatum
1079 2005 1185 2070 Asiae

135 2120 171 2176 et
193 2108 332 2175 Africae
357 2111 542 2188 sortiretur,
561 2121 594 2175 et
619 2113 730 2176 occiso
748 2112 863 2175 Civica
886 2132 992 2193 nuper
1008 2131 1070 2174 nec
1086 2110 1186 2192 Agri-

135 2214 229 2280 colae
267 2214 441 2279 consilium
481 2215 606 2292 deerat,
646 2236 708 2280 nec
747 2215 942 2278 Domitiano
984 2214 1182 2295 exemplum.

135 2317 325 2381 Accessere
355 2319 488 2400 quidam
519 2318 760 2400 cogitationum
794 2318 953 2401 principis
988 2316 1096 2399 periti,
1129 2316 1185 2398 qui
1220 2346 1246 2374 ω

135 2422 288 2484 iturusne
311 2431 402 2485 esset
426 2422 460 2485 in
485 2422 689 2505 provinciam
713 2421 801 2484 ultro
827 2421 1022 2503 Agricolam
1047 2421 1186 2483 interro-

134 2534 264 2607 garent.
312 2524 365 2587 Ac
389 2525 496 2606 primo
519 2524 683 2589 occultius
703 2525 849 2607 quietern
867 2534 901 2588 et
917 2524 1022 2587 otium
1040 2523 1182 2599 laudare,
1232 2550 1234 2554 ¹

134 2649 212 2690 mox
235 2648 369 2711 operam
394 2649 487 2691 suam
511 2628 546 2691 in
569 2630 783 2710 approbanda
806 2627 1020 2692 excusatione
1044 2624 1184 2702 offerre3

134 2742 306 2813 postremo
340 2752 407 2794 non
445 2731 513 2813 jam
548 2733 680 2795 obscuri
716 2732 897 2795 suadentes
930 2730 1029 2793 simul
1060 2739 1185 2798 terren-

134 2844 254 2916 tesque
279 2844 469 2917 pertraxere
493 2836 534 2898 ad
557 2835 796 2899 Domitianum.
838 2834 904 2916 Qui
928 2843 1063 2915 paratus
1087 2833 1185 2895 simu·
1218 2863 1244 2904 ι,

134 2938 269 3014 latione,
302 2938 336 3000 in
367 2938 590 3020 arrogantiam
622 2939 837 3020 compositus
870 2947 903 3000 et
931 2936 1035 3000 audiit
1067 2956 1183 3019 preces

134 3040 348 3117 excusantis,
365 3050 400 3104 et
427 3062 502 3104 cum
529 3041 713 3119 annuisset,
742 3041 796 3124 agi
824 3040 888 3104 sibi
915 3040 1039 3122 gratias
1066 3059 1183 3120 passus

133 3155 196 3221 est,
214 3164 276 3207 nec
293 3145 425 3208 erubuit
442 3145 597 3208 beneficii
617 3145 748 3210 invidia.
791 3144 955 3209 Salarium
972 3152 1095 3218 tamen,
1113 3163 1185 3223 pro·

133 3247 264 3310 consuli
281 3247 446 3310 consulari
463 3248 598 3311 solitum
615 3244 728 3312 offerri
745 3258 778 3310 et
799 3249 996 3330 quibusdam
1013 3267 1032 3309 a
1053 3245 1184 3332 seipso

133 3370 331 3414 concessum
362 3350 544 3432 Agricolae
578 3372 645 3414 non
676 3352 791 3428 dedit;
829 3351 900 3415 sive
934 3346 1084 3414 offensus
1115 3369 1183 3411 non
1218 3381 1245 3420 ,ο

132 3454 286 3536 petitum,
316 3453 386 3517 sive
414 3474 455 3517 ex
482 3455 697 3532 conscientia,
726 3475 768 3518 ne
796 3457 883 3537 quod
914 3463 1068 3518 vetuerat
1095 3452 1184 3515 vide-

64 3543 66 3548 *
131 3567 226 3632 retur
260 3556 392 3620 emisse.
455 3558 627 3638 Proprium
657 3558 794 3622 humani
826 3559 952 3641 ingenii
987 3568 1039 3621 est
1072 3555 1183 3620 odisse

132 3680 232 3742 quem
250 3659 406 3735 laeseris'3
429 3660 613 3723 Domitiani
625 3680 704 3723 vero
721 3671 848 3738 natura,
863 3681 1022 3742 praeceps
1040 3660 1073 3722 in
1090 3659 1181 3735 iram,

132 3772 167 3826 et
191 3782 256 3845 quo
280 3762 460 3852 obscurior,
479 3783 518 3826 eo
542 3763 797 3841 irrevocabilior,
818 3764 1047 3827 moderatione
1069 3772 1183 3824 tamen

131 3865 376 3951 prudentiaque
388 3865 574 3948 Agricolae·
586 3866 781 3942 leniebatur,
796 3867 873 3948 quia
888 3887 956 3929 non
973 3865 1184 3929 contumacia
1217 3893 1243 3934 ³⁵
