2780 4320
169 207 207 267 18
489 202 556 265 Tne
577 202 656 283 Life
677 204 719 283 of
732 201 894 285 Agn'cola.

164 398 219 452 tus
242 397 277 452 et
300 405 386 464 saxa,
410 395 444 450 et
467 383 659 450 infestiores
684 387 837 461 Romani,
859 407 1000 469 quorum
1025 389 1215 470 superbiam

163 489 286 554 frustra
312 511 373 572 per
398 490 594 572 obsequium
622 500 655 552 et
683 490 881 553 modestiam
909 487 1079 573 effugeris.
1127 494 1216 574 Rap-

164 605 254 658 tores
270 595 370 668 orbis
384 604 559 676 postquam
577 602 699 656 cuncta
713 594 923 657 vastantibus
939 592 1077 658 defuere
1094 605 1213 671 terrae,

108 777 111 782 1
151 699 230 781 ΔῙειιη
254 708 288 762 et
312 717 401 760 mare
423 707 631 761 scrutantur:
655 697 682 759 si
699 697 848 778 locuples
864 699 972 761 hostis
989 709 1050 773 est,
1068 699 1167 776 avari,
1186 700 1214 760 si

164 822 298 884 pauper,
316 801 503 875 ambitiosi;
528 821 611 882 quos
635 820 704 863 non
729 800 861 874 Oriens,
883 822 951 864 non
975 801 1144 866 Occidens
1167 823 1216 865 sa-

164 906 303 970 tiaverit.
353 905 423 967 Soli
445 903 594 967 omnium
611 923 692 984 opes
708 912 808 985 atque
825 904 969 985 inopiam
994 906 1065 986 pari
1088 902 1214 969 affectu

164 1009 414 1091 concupiscunt.
462 1005 617 1085 Auferre,
643 1008 817 1086 trucidare,
843 1029 967 1089 rapere,
992 1007 1086 1073 falsis
1110 1011 1215 1073 nomi-

164 1114 262 1176 nihus
283 1113 466 1194 imperium,
488 1121 597 1193 atque,
619 1111 675 1174 ubi
699 1111 913 1174 solitudinem
934 1109 1071 1188 faciunt,
1094 1132 1213 1194 pacem

163 1217 340 1299 appellant.
399 1233 493 1279 xxxr.
529 1215 668 1278 Liberos
694 1215 813 1296 cuique
838 1235 877 1278 ac
902 1216 1107 1298 propinquos
1133 1236 1213 1278 suos

164 1331 282 1384 natura
297 1319 485 1384 carissimos
502 1338 577 1381 esse
588 1317 710 1393 voluit;
730 1317 764 1380 hi
777 1337 838 1398 per
849 1318 1001 1381 delectus
1018 1319 1096 1381 alibi
1112 1299 1214 1381 iervi-

163 1424 228 1488 turi
249 1421 461 1488 auferuntur:
484 1421 647 1504 conjuges
664 1441 870 1503 sororesque,
890 1422 991 1485 etiam
1009 1422 1036 1485 si
1052 1423 1212 1486 hostilem

162 1528 333 1591 libidinem
358 1522 530 1607 effugiant,
555 1526 691 1588 nomine
714 1525 896 1588 amicorum
917 1536 1017 1608 atque
1040 1526 1212 1607 hospitum

162 1631 363 1713 polluuntur.
412 1629 506 1693 Bona
527 1627 747 1711 fortunaeque
771 1628 805 1690 in
822 1628 993 1703 tributum,
1012 1649 1092 1712 ager
1110 1639 1213 1712 atque

163 1755 270 1798 annus
293 1734 327 1796 in
350 1729 565 1809 frumentum,
591 1753 729 1814 corpora
751 1732 824 1813 ipsa
845 1752 884 1795 ac
907 1753 1027 1796 manus
1054 1732 1147 1796 silvis
1171 1753 1212 1797 ac

162 1839 338 1921 paludibus
361 1837 572 1900 emuniendis
587 1838 675 1900 inter
689 1837 827 1900 verbera
842 1857 881 1900 ac
897 1837 1118 1900 contumelias
1135 1857 1213 1900 con·

163 1953 324 2006 teruntur.
366 1942 455 2004 Nata
471 1941 623 2004 servituti
639 1941 805 2022 mancipia
820 1940 923 2004 semel
936 1951 1095 2015 veneunt,
1109 1950 1212 2023 atque

163 2048 249 2110 ultro
265 2068 285 2110 a
299 2045 443 2108 dominis
459 2044 613 2120 aluntur;
636 2043 809 2107 Britannia
826 2045 1021 2108 servitutem
1036 2065 1130 2108 suam
1143 2054 1213 2108 cot-

162 2150 243 2213 tidie
265 2150 354 2223 emit,
379 2147 517 2212 cottidie
540 2147 655 2228 pascit.
702 2146 757 2212 Ac
781 2148 867 2212 sicut
893 2148 927 2211 in
951 2145 1077 2212 familia
1098 2169 1213 2214 recen-

162 2253 310 2316 tissimus
327 2253 466 2335 quisque
483 2271 654 2314 servorum
674 2251 773 2314 etiam
793 2253 964 2316 conservis
982 2253 1124 2317 ludibrio
1145 2263 1209 2328 est,

163 2350 210 2413 sic
223 2350 256 2412 in
270 2350 333 2412 hoc
345 2349 610 2431 orbisterrarum
620 2358 734 2412 vetere
744 2346 906 2413 famulatu
916 2350 994 2413 novi
1007 2371 1069 2415 nos
1082 2360 1116 2414 et
1126 2350 1211 2414 viles

162 2455 195 2517 in
209 2453 373 2518 excidium
385 2452 538 2533 petimur.
576 2451 695 2533 Neque
706 2452 796 2515 enim
808 2473 887 2517 arva
899 2453 995 2517 nobis
1008 2465 1065 2518 aut
1076 2454 1212 2518 metalla

161 2567 218 2621 aut
234 2567 349 2639 portus
366 2565 453 2630 sunt,
471 2555 591 2637 quibus
613 2556 807 2620 exercendis
828 2576 1044 2622 reservemur.
1091 2557 1210 2621 Virtus

161 2683 259 2744 porro
280 2681 318 2725 ac
341 2657 465 2724 ferocia
488 2658 716 2740 subjectorum
739 2659 871 2741 ingrata
893 2661 1151 2743 imperantibus;
1175 2669 1211 2725 et

161 2765 387 2847 longinquitas
400 2783 438 2827 ac
451 2772 618 2826 secretum
631 2762 739 2844 ipsum
750 2783 816 2845 quo
829 2763 942 2839 tutius,
955 2784 994 2827 eo
1008 2765 1207 2846 suspectius.

163 2869 215 2931 lta
231 2869 360 2931 sublata
376 2886 435 2948 spe
451 2865 569 2929 veniae
586 2866 721 2929 tandem
738 2866 860 2929 sumite
882 2867 1039 2942 animum,
1057 2877 1126 2931 tam
1141 2869 1211 2950 qui·

161 2973 224 3036 bus
252 2972 349 3044 salus,
376 2991 475 3052 quam
499 2969 620 3051 quibus
643 2968 748 3051 gloria
772 2969 943 3033 carissima
965 2980 1027 3034 est.
1073 2971 1211 3054 Brigan-

161 3086 222 3152 tes,
246 3072 372 3138 femina
393 3075 487 3148 duce,
513 3093 651 3136 exurere
674 3071 848 3147 coloniam,
873 3093 1065 3156 expugnare
1089 3085 1206 3152 castra,

161 3200 208 3254 ac,
234 3179 298 3242 nisi
320 3175 463 3241 felicitas
487 3177 521 3240 in
545 3176 729 3240 socordiam
752 3177 920 3253 vertisset,
945 3198 1065 3241 exuere
1091 3178 1209 3260 jugum

161 3294 318 3365 potuere;
341 3303 404 3344 nos
427 3281 549 3363 integri
576 3290 610 3343 et
637 3278 790 3342 indomiti
814 3289 848 3344 et
871 3280 1058 3345 libertatem
1082 3301 1150 3345 non
1174 3282 1208 3345 in

161 3385 401 3469 paenitentiam
429 3385 535 3460 laturi,
565 3384 671 3465 primo
699 3384 812 3447 statim
843 3403 1027 3465 congressu
1056 3386 1230 3449 ostenda-⁹

162 3511 235 3554 mus
257 3510 339 3573 quos
362 3489 425 3552 sibi
447 3487 632 3551 Caledonia
651 3487 741 3550 viros
763 3488 960 3568 seposuerit.
1007 3505 1118 3550 xxxn.
1149 3488 1209 3552 An

161 3595 302 3658 eandem
336 3591 500 3656 Romanis
533 3591 568 3653 in
603 3590 690 3654 bello
725 3591 892 3665 virtutem,
924 3610 1023 3673 quarn
1058 3591 1092 3654 in
1127 3613 1210 3672 pace

161 3698 330 3762 lasciviam
357 3697 476 3760 adesse
503 3695 657 3758 creditis?
703 3694 839 3757 Nostris
869 3694 915 3756 illi
942 3694 1209 3759 dissensionibus

162 3822 200 3865 ac
227 3799 400 3865 discordiis
425 3797 512 3872 clari,
535 3797 616 3860 vitia
641 3796 788 3859 hostium
816 3797 850 3859 in
875 3796 1013 3879 gloriam
1042 3799 1209 3864 exercitus

103 3929 128 3968 as
163 3904 214 3968 sui
240 3911 395 3978 vertunt;
429 3919 528 3983 quem
558 3908 767 3963 contractum
798 3919 840 3964 ex
869 3900 1103 3964 diversissimis
1130 3923 1210 3986 gen·
