2780 4320
204 230 244 278 22
528 213 559 276 T
554 213 594 276 lte
616 213 694 295 Life
715 214 756 294 of
771 214 933 297 Agricola.

203 407 332 461 turmae
350 393 488 480 fugere;
512 397 694 460 covinnarii
715 397 865 478 peditum
883 419 919 461 se
935 398 1061 480 proelio
1078 399 1255 478 miscuere,
1270 423 1272 428 ·

203 510 246 576 et,
259 521 446 582 quanquam
458 511 629 565 recentem
641 510 801 564 terrorem
813 501 1004 577 intulerant,
1016 503 1129 565 densis
1141 515 1256 566 tamen

203 605 350 667 hostiurn
381 604 570 686 agminibus
601 614 635 668 et
666 603 897 686 inaequalibus
932 605 1015 669 locis
1051 608 1257 682 haerebant;

203 707 406 789 minimeque
430 708 594 789 equestris
622 727 662 771 ea
687 707 755 789 jam
782 728 916 789 pugnae
941 705 1045 772 iacies
1073 720 1153 782 erat,
1179 731 1256 773 curn

203 832 303 894 aegre
326 811 411 875 clivo
435 819 585 875 astantes
602 810 700 874 simul
717 831 877 893 equorum
895 812 1089 893 corporibus
1110 813 1258 893 impelle.-

203 926 337 991 rentur;
360 935 399 978 ac
422 934 522 995 saepe
545 915 621 996 vagi
645 933 781 991 currus,¹
795 915 944 978 exterriti
969 915 1042 979 sine
1066 918 1257 1001 rectogibus

203 1020 288 1100 equi,
303 1029 339 1081 ut
352 1038 517 1100 quemque
532 1014 673 1080 formido
690 1018 821 1091 tulerat,
836 1029 1046 1082 transversos
1063 1030 1120 1083 aut
1138 1021 1257 1083 obvios

204 1122 427 1185 incursabant.
484 1139 616 1186 xxxvu.
651 1121 697 1184 Et
724 1122 885 1196 Britanni,
908 1123 964 1204 qui
989 1123 1097 1186 adhuc
1122 1145 1258 1206 pugnae

204 1235 357 1306 expertes
378 1245 507 1287 summa
528 1224 662 1287 collium
684 1225 877 1288 insederant
897 1237 931 1288 et
955 1228 1157 1309 paucitatem
1182 1249 1259 1297 nosf

203 1339 329 1392 trorum
346 1328 441 1392 vacui
463 1328 676 1409 spernebant,
695 1329 832 1410 degredi
854 1329 1013 1410 paulatim
1030 1341 1065 1393 et
1081 1331 1258 1394 circumire

204 1442 299 1514 terga
318 1432 525 1495 vincentium
550 1441 740 1513 coeperant,
764 1433 799 1494 ni
823 1432 855 1495 id
880 1433 988 1514 ipsum
1010 1434 1136 1497 veritus
1158 1435 1258 1516 Agri·
1306 1474 1314 1484 ·

204 1537 284 1612 cola,
299 1544 456 1618 quattuor
468 1535 618 1616 equitum
630 1536 708 1607 alas
723 1536 764 1598 ad
778 1536 888 1598 subita
900 1536 979 1599 belli
992 1547 1151 1612 retentas
1166 1539 1256 1600 veni·
1289 1521 1296 1534 ⁸

204 1641 338 1703 entibus
360 1639 582 1720 opposuisset,
605 1648 796 1722 quantoque
818 1637 964 1702 ferocius
988 1650 1256 1716 accucurrerant,

104 1757 109 1766 '
203 1753 298 1807 tanto
318 1743 426 1807 acrius
448 1742 562 1824 pulsos
579 1743 613 1805 in
629 1739 743 1824 fugam
761 1743 960 1825 disjecisset.
1010 1745 1062 1807 lta
1078 1730 1257 1807 consilium

205 1847 441 1909 Britannorum
459 1845 492 1907 in
510 1845 600 1926 ipsos
617 1866 760 1920 versum,
779 1855 1056 1927 transvectaeque
1076 1858 1257 1928 praecepto
1299 1907 1307 1921 ,

204 1949 298 2013 ducis
313 1970 334 2011 a
348 1947 460 2011 fronte
477 1949 698 2031 pugnantium
715 1949 795 2024 alae,
813 1970 975 2012 aversam¹
986 1950 1132 2012 hostium
1149 1951 1256 2013 aciem

204 2054 364 2116 invasere.
413 2053 500 2116 Tum
526 2073 606 2116 vero
631 2054 824 2136 patentibus
848 2053 930 2117 locis
954 2055 1080 2135 grande
1104 2064 1137 2117 et
1161 2063 1257 2120 atrox
1306 2121 1310 2128 ,
1379 2091 1380 2113 t

204 2156 455 2239 spectaculum;
486 2156 589 2238 sequi,
622 2157 806 2231 vulnerare,
836 2177 955 2238 capere
987 2168 1087 2240 atque
1118 2158 1256 2222 eosdem
1315 2138 1322 2152 ⁵

205 2260 325 2324 oblatis
355 2259 428 2324 aliis
463 2259 637 2323 trucidare.
705 2260 780 2341 Jam
817 2260 973 2336 hostium,
1007 2271 1105 2342 prout
1136 2261 1256 2343 cuique

205 2364 377 2446 ingenium
406 2373 486 2437 erat,
512 2373 665 2427 catervae
692 2373 894 2427 armatorum
922 2365 1133 2446 paucioribus
1161 2375 1258 2447 terga
1327 2443 1333 2454 ·

204 2476 383 2549 praestare,
418 2467 550 2548 quidam
582 2467 727 2531 inermes
762 2467 849 2530 ultro
884 2487 980 2530 ruere
1014 2488 1052 2532 ac
1087 2489 1124 2531 se
1156 2469 1254 2531 morti
1349 2537 1354 2546 ,

204 2568 346 2646 offerre;
370 2569 493 2651 passim
512 2589 604 2633 arma
624 2579 658 2633 et
680 2590 818 2651 corpora
839 2579 873 2634 et
892 2570 993 2634 laceri
1014 2582 1105 2634 artus
1128 2582 1162 2635 et
1186 2593 1251 2635 cru·

205 2685 285 2738 enta
311 2676 452 2748 humus;
484 2683 518 2736 et
545 2673 722 2756 aliquando
750 2673 851 2736 etiam
877 2673 976 2737 victis
999 2675 1047 2758 ira
1072 2676 1250 2757 virtusque

206 2778 386 2860 Postquam
411 2777 502 2840 silvis
533 2777 892 2859 appropinquaverunt,
920 2777 1102 2841 identidem
1130 2779 1256 2860 primos

206 2881 417 2962 sequentium
442 2880 593 2944 incautos
619 2880 751 2944 collecti
770 2891 805 2943 et
828 2882 976 2944 locorum
1001 2882 1095 2963 gnari
1119 2881 1258 2945 circum·
1311 2960 1330 2968 ..
1358 2886 1368 2894 ''

204 2984 393 3047 veniebant.
442 2984 542 3065 Quod
566 2984 600 3047 ni
623 2982 782 3066 frequens
804 2984 926 3066 ubique
947 2983 1109 3066 Agricola
1129 2986 1256 3048 validas
1378 2975 1379 2992 ¹

205 3097 239 3151 et
267 3087 438 3168 expeditas
464 3089 619 3151 cohortes
648 3086 815 3168 indaginis
842 3088 950 3163 modo,
976 3098 1020 3164 et,
1047 3087 1153 3151 sicubi
1180 3089 1258 3151 arti·
1308 3075 1313 3082 ’

205 3211 262 3254 ora
278 3200 382 3267 erant,
400 3201 528 3272 partem
546 3191 695 3273 equitum
712 3191 859 3254 dimissis
876 3191 980 3274 equis,
999 3191 1097 3254 simul
1114 3193 1255 3256 rariores
1301 3189 1307 3198 '

206 3295 305 3358 silvas
333 3295 479 3376 equitem
510 3294 696 3375 persultare
723 3293 889 3375 jussisset,
918 3305 1092 3375 acceptum
1120 3295 1277 3376 aliquod·

204 3398 325 3461 vulnus
349 3418 408 3478 per
431 3397 566 3459 nimiam
591 3397 745 3460 fiduciam
765 3394 861 3461 foret.
909 3397 1068 3461 Ceterum
1091 3398 1147 3460 ubi
1169 3419 1256 3460 com-

205 3501 333 3584 positos
356 3501 460 3563 firmis
484 3501 656 3564 ordinibus
681 3500 775 3582 sequi
799 3520 913 3563 rursus
936 3500 1059 3576 videre,
1082 3500 1116 3563 in
1139 3497 1254 3582 fugam

204 3605 301 3681 versi,
333 3624 401 3666 non
435 3603 634 3684 agminibus,
667 3612 703 3665 ut
735 3603 836 3684 priuS,
864 3623 927 3666 nec
957 3603 1041 3666 alius
1072 3603 1172 3666 alium
1208 3625 1257 3667 re-

155 3754 159 3772 ,
204 3716 407 3790 spectantes
427 3705 492 3767 rari
514 3715 548 3768 et
570 3706 743 3769 vitabundi
770 3705 923 3782 invicem,
948 3705 1130 3787 longinqua
1154 3716 1256 3788 atque

204 3811 278 3874 avia
311 3809 447 3891 petiere.
509 3808 603 3871 Finis
639 3809 800 3890 sequendi
838 3829 903 3871 nox
937 3818 971 3871 et
1007 3809 1145 3872 satietas
1179 3807 1253 3874 fuit.
1284 3854 1292 3869 .

147 3946 171 3986 ,ς
206 3913 313 3977 Caesa
342 3911 489 3974 hostium
520 3911 562 3973 ad
592 3911 708 3980 decem
739 3910 850 3988 milia;
887 3920 1078 3974 nostrorum
1109 3913 1255 3977 trecenti
