2780 4320
513 196 634 280 speech
656 197 699 281 os
719 195 887 282 Calgacus.
1186 213 1225 280 17

215 395 311 446 xxur.
345 378 447 444 Initio
484 380 632 446 aestatis·
660 371 831 464 Agricola,
863 381 1049 448 domestico
1084 382 1224 450 vulnere

170 483 268 559 ictus
297 505 386 548 anno
417 494 496 548 ante
526 495 642 548 natum
670 485 775 548 filium
802 486 921 551 amisit.
971 487 1082 569 Quem
1109 508 1223 552 casum

171 608 283 670 neque
310 598 347 651 ut
374 587 523 671 plerique
552 586 689 652 fortium
716 588 861 652 virorum
896 591 1081 667 ambitiose,
1114 611 1223 674 neque
1297 643 1301 654 .

171 711 233 772 per
254 690 401 756 lamenta
423 712 537 755 rursus
562 712 600 755 ac
625 711 808 756 maerorem
836 693 1043 757 muliebriter
1069 695 1165 770 tulit;
1189 704 1223 758 et

171 794 207 857 in
230 793 324 858 luctu
346 796 470 858 bellum
494 795 583 858 inter
605 796 752 860 remedia
778 806 858 860 erat.
908 797 1015 879 Igitur
1041 799 1223 880 praemissa
1258 825 1269 865 s

172 897 289 971 classe,
310 919 394 980 quae
417 899 566 980 pluribus
590 899 673 962 locis
696 899 854 980 praedata
880 920 1038 982 magnum
1062 911 1096 964 et
1120 902 1224 966 incer-

172 1010 244 1064 tum
268 1011 429 1065 terrorem
452 999 587 1078 faceret,
606 1003 761 1084 expedito
783 1004 940 1078 exercitu,
959 1004 1012 1066 cui
1034 1024 1074 1068 ex
1095 1005 1224 1068 Britan-

171 1105 225 1168 nis
251 1103 454 1168 fortissimos
478 1115 512 1169 et
535 1105 636 1187 longa
659 1126 741 1187 pace
764 1107 953 1188 exploratos
976 1108 1222 1182 addideratad

172 1217 322 1271 montem
341 1209 523 1291 Graupium
540 1209 703 1291 pervenit,
721 1230 820 1292 quem
835 1211 901 1292 jam
919 1211 1027 1274 hostis
1044 1211 1220 1278 insederat.

172 1311 262 1374 Nam
290 1311 451 1389 Britanni,
480 1312 563 1376 nihil
593 1310 691 1377 fracti
721 1334 855 1396 pugnae
885 1314 1004 1394 prioris
1035 1325 1157 1379 eventu
1189 1328 1222 1380 et
1259 1343 1282 1372 ιο

172 1414 334 1479 ultionem
361 1425 419 1480 aut
442 1416 615 1480 servitium
639 1426 883 1498 exspectantes,
909 1417 1110 1500 tandemque
1133 1420 1223 1484 docti

172 1539 350 1582 commune
369 1519 552 1601 periculum
569 1521 1033 1602 concordia'propulsandum,
1051 1521 1223 1604 legationi-

172 1622 235 1685 bus
257 1633 291 1686 et
311 1620 503 1687 foederibus
526 1623 676 1686 omnium
700 1623 884 1688 civitatium
908 1625 996 1687 vires
1019 1625 1219 1691 exciverant.

170 1726 313 1807 Jamque
336 1746 437 1808 super
459 1727 599 1809 triginta
620 1727 712 1795 milia
734 1737 936 1790 armatorum
964 1728 1220 1809 aspiciebantur,

172 1837 207 1891 et
229 1830 338 1894 adhuc
361 1830 519 1894 affluebat
543 1830 651 1893 omnis
676 1830 836 1912 juventus
860 1840 895 1894 et
918 1831 1036 1913 quibus
1060 1833 1162 1896 cruda
1183 1853 1222 1897 ac
1258 1862 1281 1903 ις

171 1931 286 1995 viridis
309 1943 477 2010 senectus,
498 1934 578 2004 clari
601 1934 689 1998 bello
712 1943 748 1998 et
771 1955 831 1997 sua
849 1934 989 2016 quisque
1006 1935 1128 1998 decora
1150 1955 1223 2017 ges-

172 2043 293 2111 tantes
311 2057 387 2100 cum
403 2038 492 2101 inter
514 2038 627 2119 plures
650 2038 753 2101 duces
769 2037 893 2101 virtute
915 2046 949 2100 et
970 2057 1095 2120 genere
1114 2059 1223 2120 praes-

172 2147 257 2215 tans,
278 2141 414 2204 nomine
436 2140 611 2222 Calgacus,
632 2141 720 2222 apud
744 2149 950 2204 contractam
974 2141 1221 2206 multitudinem
1321 2161 1324 2166 ·

171 2242 334 2324 proelium
351 2254 547 2325 poscentem
564 2244 598 2307 in
615 2244 705 2308 hunc
722 2245 856 2307 modum
873 2244 1006 2308 locutus
1021 2242 1143 2309 fertur:

215 2363 298 2410 xxx.
332 2355 349 2380 ‘⁸
362 2348 530 2430 Quotiens
543 2367 661 2411 causas
677 2347 755 2411 belli
772 2357 806 2411 et
822 2347 1059 2412 necessitatem
1072 2358 1221 2412 nostram
1255 2384 1281 2413 ω

172 2448 313 2523 intueor,
331 2471 472 2533 magnus
496 2451 577 2514 mihi
600 2450 731 2514 animus
754 2460 806 2514 est
828 2451 1024 2514 hodiernum
1041 2452 1129 2514 diem
1146 2471 1222 2516 con-

172 2572 375 2636 sensumque
401 2564 550 2618 vestrum
578 2555 710 2618 initium
740 2554 904 2619 libertatis
935 2555 998 2618 toti
1029 2555 1222 2620 Britanniae

170 2653 252 2721 fore.
300 2658 388 2720 Nam
415 2667 450 2721 et
478 2658 624 2722 universi
654 2658 824 2721 servitutis
852 2668 1015 2739 expertes,
1045 2669 1079 2722 et
1110 2659 1220 2724 nullae

171 2760 259 2823 ultra
284 2770 402 2835 terrae,
427 2781 466 2825 ac
493 2782 537 2825 ne
563 2782 653 2825 mare
677 2760 811 2844 quidem
834 2781 997 2837 securum,
1023 2761 1220 2826 imminente

171 2864 268 2926 nobis
296 2864 403 2928 classe
427 2865 598 2941 Romana;
621 2865 668 2928 ita
694 2865 857 2946 proelium
884 2875 984 2947 atque
1011 2885 1109 2939 arma,
1135 2887 1220 2948 quae
1254 2896 1279 2936 ,ς

170 2964 313 3031 fortibus
337 2969 487 3044 honesta,
515 2969 631 3032 eadem
659 2968 759 3032 etiam
787 2968 916 3050 ignavis
940 2968 1108 3032 tutissima
1130 2979 1216 3034 sunt.

172 3071 301 3134 Priores
318 3091 459 3154 pugnae,
478 3072 597 3154 quibus
613 3072 773 3136 adversus
790 3072 962 3135 Romanos
978 3072 1069 3135 varia
1085 3070 1220 3136 fortuna

171 3185 334 3238 certatum
365 3184 426 3251 est,
452 3195 546 3257 spem
572 3195 611 3239 ac
638 3175 823 3239 subsidium
850 3175 884 3238 in
912 3175 1035 3238 nostris
1066 3175 1219 3240 manibus

169 3278 356 3355 habebant;
379 3279 455 3361 quia
482 3279 680 3342 nobilissimi
703 3279 807 3342 totius
831 3278 1033 3355 Britanniae,
1051 3299 1157 3362 eoque
1184 3281 1219 3343 in

170 3382 251 3464 ipsis
276 3383 503 3463 penetralibus
529 3383 583 3444 siti
612 3402 674 3446 nec
700 3382 918 3446 servientium
940 3382 1037 3446 litora
1059 3384 1220 3464 aspicien-
1253 3415 1280 3452 ³0

170 3497 231 3559 tes
256 3485 372 3549 oculos
395 3507 525 3568 quoque
552 3507 572 3549 a
598 3496 755 3549 contactu
779 3486 1016 3549 dominationis
1041 3486 1218 3551 inviolatos

170 3589 385 3653 habebamus.
432 3591 504 3652 Nos
528 3599 690 3653 terrarum
717 3609 756 3652 ac
783 3589 946 3653 libertatis
970 3600 1146 3668 extremos,
1172 3612 1220 3654 re-

171 3713 285 3756 cessus
302 3694 373 3774 ipse
390 3714 428 3756 ac
445 3693 538 3756 sinus
553 3690 662 3756 famae
678 3692 712 3754 in
730 3693 819 3755 hune
835 3692 922 3755 diem
937 3690 1087 3756 defendit
1097 3715 1104 3770 ;
1129 3715 1218 3758 nunc

170 3797 332 3859 terminus
354 3796 548 3859 Britanniae
570 3805 671 3877 patet.
718 3794 835 3878 Atque
858 3795 1135 3877 omne'ignotum
1159 3818 1220 3880 pro

170 3899 347 3984 magnifico
364 3909 424 3964 est.
473 3899 541 3964 Sed
557 3897 648 3964 nulla
661 3897 730 3979 jam
747 3898 833 3961 ultra
848 3917 942 3978 gens,
961 3897 1043 3960 nihil
1060 3899 1125 3962 nisi
1140 3900 1219 3964 flue·
1253 3933 1278 3974 ³5
